"vol","price","side","date time"
"32,200",18.85,ATO,2024-11-15 09:15:02
100,18.9,buy,2024-11-15 09:15:03
600,18.85,sell,2024-11-15 09:15:09
100,18.85,sell,2024-11-15 09:15:09
300,18.85,sell,2024-11-15 09:15:09
200,18.9,buy,2024-11-15 09:15:16
400,18.9,buy,2024-11-15 09:15:16
100,18.9,sell,2024-11-15 09:15:26
100,18.9,sell,2024-11-15 09:15:38
"2,200",18.9,sell,2024-11-15 09:15:40
500,18.9,sell,2024-11-15 09:15:41
"6,500",18.9,sell,2024-11-15 09:15:52
100,18.9,sell,2024-11-15 09:15:52
100,18.9,sell,2024-11-15 09:15:52
"1,000",18.9,buy,2024-11-15 09:16:13
200,18.9,buy,2024-11-15 09:16:17
500,18.9,buy,2024-11-15 09:16:20
200,18.9,buy,2024-11-15 09:17:05
100,18.9,buy,2024-11-15 09:17:10
"22,500",18.9,buy,2024-11-15 09:17:45
300,18.9,buy,2024-11-15 09:17:51
300,18.9,buy,2024-11-15 09:17:53
"8,200",18.9,buy,2024-11-15 09:17:56
"1,000",18.9,buy,2024-11-15 09:17:56
100,18.9,buy,2024-11-15 09:17:56
"2,300",18.9,buy,2024-11-15 09:17:56
500,18.9,buy,2024-11-15 09:17:56
"1,800",18.9,buy,2024-11-15 09:17:56
"1,000",18.9,buy,2024-11-15 09:17:56
200,18.9,buy,2024-11-15 09:17:56
100,18.9,buy,2024-11-15 09:17:56
"1,100",18.9,buy,2024-11-15 09:17:56
300,18.9,buy,2024-11-15 09:17:56
500,18.9,buy,2024-11-15 09:17:56
500,18.9,sell,2024-11-15 09:17:57
"4,900",18.9,sell,2024-11-15 09:18:05
100,18.9,buy,2024-11-15 09:18:06
100,18.9,sell,2024-11-15 09:18:22
"3,000",18.9,sell,2024-11-15 09:18:24
"5,000",18.9,sell,2024-11-15 09:18:33
500,18.9,sell,2024-11-15 09:18:43
400,18.9,sell,2024-11-15 09:18:54
100,18.9,sell,2024-11-15 09:18:54
"13,300",18.9,sell,2024-11-15 09:18:57
600,18.9,sell,2024-11-15 09:18:57
"1,000",18.9,sell,2024-11-15 09:18:57
100,18.9,sell,2024-11-15 09:18:57
"5,000",18.9,sell,2024-11-15 09:18:57
100,18.9,sell,2024-11-15 09:19:19
300,18.9,sell,2024-11-15 09:19:19
100,18.95,buy,2024-11-15 09:19:28
100,18.9,sell,2024-11-15 09:20:05
"1,000",18.9,sell,2024-11-15 09:20:20
500,18.9,sell,2024-11-15 09:20:35
500,18.9,sell,2024-11-15 09:20:49
100,18.95,buy,2024-11-15 09:21:01
400,18.9,sell,2024-11-15 09:21:14
"3,200",18.9,sell,2024-11-15 09:21:14
200,18.9,sell,2024-11-15 09:21:14
300,18.9,sell,2024-11-15 09:21:14
"5,000",18.9,sell,2024-11-15 09:21:14
300,18.9,sell,2024-11-15 09:21:14
100,18.9,sell,2024-11-15 09:21:14
"1,100",18.9,sell,2024-11-15 09:21:14
200,18.9,sell,2024-11-15 09:21:14
"22,500",18.9,sell,2024-11-15 09:21:14
100,18.9,sell,2024-11-15 09:21:14
"10,000",18.9,sell,2024-11-15 09:21:14
"6,000",18.9,sell,2024-11-15 09:21:14
"22,500",18.9,sell,2024-11-15 09:21:14
"6,000",18.9,sell,2024-11-15 09:21:14
"22,500",18.9,sell,2024-11-15 09:21:14
400,18.9,sell,2024-11-15 09:21:20
600,18.9,sell,2024-11-15 09:21:20
500,18.95,buy,2024-11-15 09:21:28
400,18.9,sell,2024-11-15 09:22:14
300,18.9,sell,2024-11-15 09:22:14
"3,000",18.9,sell,2024-11-15 09:22:14
"1,500",18.9,sell,2024-11-15 09:22:14
700,18.9,sell,2024-11-15 09:22:14
100,18.9,sell,2024-11-15 09:22:14
300,18.9,sell,2024-11-15 09:22:14
500,18.9,sell,2024-11-15 09:22:14
"1,000",18.9,sell,2024-11-15 09:22:14
"1,000",18.9,buy,2024-11-15 09:22:25
100,18.9,buy,2024-11-15 09:22:32
800,18.9,buy,2024-11-15 09:22:52
200,18.85,sell,2024-11-15 09:22:53
500,18.9,buy,2024-11-15 09:23:15
100,18.9,buy,2024-11-15 09:23:28
100,18.9,buy,2024-11-15 09:23:37
100,18.9,buy,2024-11-15 09:23:52
"18,000",18.9,buy,2024-11-15 09:23:55
500,18.9,buy,2024-11-15 09:24:12
100,18.9,buy,2024-11-15 09:24:16
600,18.9,buy,2024-11-15 09:24:18
"6,000",18.9,buy,2024-11-15 09:24:24
100,18.9,buy,2024-11-15 09:24:39
100,18.9,buy,2024-11-15 09:25:00
500,18.85,sell,2024-11-15 09:25:12
500,18.9,buy,2024-11-15 09:25:38
700,18.9,buy,2024-11-15 09:25:55
200,18.9,buy,2024-11-15 09:26:11
200,18.9,buy,2024-11-15 09:26:22
100,18.9,buy,2024-11-15 09:26:32
"10,000",18.9,buy,2024-11-15 09:26:36
100,18.9,buy,2024-11-15 09:26:41
100,18.9,buy,2024-11-15 09:26:58
"5,300",18.9,buy,2024-11-15 09:27:19
100,18.9,buy,2024-11-15 09:27:24
100,18.9,buy,2024-11-15 09:27:36
"11,700",18.9,buy,2024-11-15 09:27:58
900,18.9,buy,2024-11-15 09:27:58
"4,000",18.9,buy,2024-11-15 09:27:58
"1,900",18.9,buy,2024-11-15 09:27:58
100,18.9,buy,2024-11-15 09:27:58
500,18.9,buy,2024-11-15 09:27:58
"7,900",18.9,buy,2024-11-15 09:27:58
200,18.9,buy,2024-11-15 09:28:18
300,18.9,buy,2024-11-15 09:28:18
200,18.9,buy,2024-11-15 09:28:38
100,18.9,buy,2024-11-15 09:29:06
100,18.9,buy,2024-11-15 09:29:18
100,18.9,buy,2024-11-15 09:29:35
100,18.85,sell,2024-11-15 09:29:43
100,18.85,sell,2024-11-15 09:29:43
500,18.85,sell,2024-11-15 09:29:43
"2,000",18.85,sell,2024-11-15 09:29:43
300,18.85,sell,2024-11-15 09:29:43
200,18.85,sell,2024-11-15 09:30:42
200,18.85,sell,2024-11-15 09:30:42
"3,000",18.85,sell,2024-11-15 09:30:54
"10,000",18.85,sell,2024-11-15 09:31:13
300,18.85,sell,2024-11-15 09:31:17
"1,000",18.85,sell,2024-11-15 09:31:36
"2,000",18.85,sell,2024-11-15 09:31:42
"1,000",18.85,sell,2024-11-15 09:31:43
"1,100",18.85,sell,2024-11-15 09:31:50
200,18.9,buy,2024-11-15 09:31:53
"1,400",18.85,sell,2024-11-15 09:31:54
900,18.85,sell,2024-11-15 09:31:54
"2,000",18.85,sell,2024-11-15 09:31:58
"2,900",18.85,sell,2024-11-15 09:31:59
900,18.9,buy,2024-11-15 09:32:08
200,18.9,buy,2024-11-15 09:32:08
200,18.9,buy,2024-11-15 09:32:08
700,18.9,buy,2024-11-15 09:32:08
100,18.9,buy,2024-11-15 09:32:09
"3,000",18.85,sell,2024-11-15 09:32:17
300,18.9,buy,2024-11-15 09:32:17
300,18.9,buy,2024-11-15 09:32:17
400,18.9,buy,2024-11-15 09:32:17
100,18.9,buy,2024-11-15 09:32:44
500,18.9,buy,2024-11-15 09:33:36
200,18.85,sell,2024-11-15 09:34:20
"2,000",18.9,buy,2024-11-15 09:34:22
300,18.85,sell,2024-11-15 09:34:37
700,18.9,buy,2024-11-15 09:34:42
900,18.9,buy,2024-11-15 09:34:42
200,18.9,buy,2024-11-15 09:34:52
900,18.9,buy,2024-11-15 09:34:55
100,18.9,buy,2024-11-15 09:34:55
400,18.9,buy,2024-11-15 09:35:02
100,18.9,buy,2024-11-15 09:35:02
100,18.85,sell,2024-11-15 09:35:11
"3,000",18.85,sell,2024-11-15 09:35:13
200,18.85,sell,2024-11-15 09:35:26
500,18.85,sell,2024-11-15 09:35:35
"4,500",18.85,sell,2024-11-15 09:35:36
300,18.85,sell,2024-11-15 09:35:41
"2,100",18.85,sell,2024-11-15 09:35:46
500,18.85,sell,2024-11-15 09:35:46
500,18.85,sell,2024-11-15 09:35:46
100,18.85,sell,2024-11-15 09:35:46
"1,000",18.85,sell,2024-11-15 09:35:46
"7,200",18.85,sell,2024-11-15 09:35:46
200,18.85,sell,2024-11-15 09:35:46
100,18.85,sell,2024-11-15 09:35:46
100,18.85,sell,2024-11-15 09:35:46
300,18.85,sell,2024-11-15 09:35:46
100,18.85,sell,2024-11-15 09:35:46
"1,000",18.85,sell,2024-11-15 09:35:46
300,18.85,sell,2024-11-15 09:35:46
300,18.85,sell,2024-11-15 09:35:46
"4,900",18.85,sell,2024-11-15 09:35:50
200,18.85,sell,2024-11-15 09:35:50
100,18.85,sell,2024-11-15 09:35:50
"15,000",18.85,sell,2024-11-15 09:35:50
"1,000",18.85,sell,2024-11-15 09:35:50
500,18.85,sell,2024-11-15 09:35:50
500,18.85,sell,2024-11-15 09:35:50
200,18.85,sell,2024-11-15 09:35:50
100,18.85,sell,2024-11-15 09:35:50
100,18.85,sell,2024-11-15 09:35:50
"1,000",18.85,sell,2024-11-15 09:35:50
100,18.85,sell,2024-11-15 09:35:50
100,18.85,sell,2024-11-15 09:35:50
"20,000",18.85,sell,2024-11-15 09:35:50
100,18.85,sell,2024-11-15 09:35:50
100,18.85,sell,2024-11-15 09:35:50
"2,000",18.85,sell,2024-11-15 09:35:50
100,18.85,sell,2024-11-15 09:35:50
"2,300",18.85,sell,2024-11-15 09:35:50
"10,000",18.85,sell,2024-11-15 09:35:50
"1,000",18.85,sell,2024-11-15 09:35:50
100,18.85,sell,2024-11-15 09:35:50
100,18.85,sell,2024-11-15 09:35:50
100,18.85,sell,2024-11-15 09:35:50
200,18.85,sell,2024-11-15 09:35:50
100,18.85,sell,2024-11-15 09:35:50
200,18.9,buy,2024-11-15 09:35:51
200,18.9,buy,2024-11-15 09:36:01
"2,700",18.85,sell,2024-11-15 09:36:08
"2,300",18.85,sell,2024-11-15 09:36:08
"1,000",18.85,sell,2024-11-15 09:36:13
"6,700",18.85,sell,2024-11-15 09:36:18
200,18.85,sell,2024-11-15 09:36:18
100,18.85,sell,2024-11-15 09:36:18
"1,000",18.85,sell,2024-11-15 09:36:18
"1,600",18.85,sell,2024-11-15 09:36:18
100,18.85,sell,2024-11-15 09:36:18
500,18.85,sell,2024-11-15 09:36:18
"1,000",18.85,sell,2024-11-15 09:36:18
200,18.85,sell,2024-11-15 09:36:18
500,18.85,sell,2024-11-15 09:36:18
500,18.85,sell,2024-11-15 09:36:18
"15,200",18.85,sell,2024-11-15 09:36:18
300,18.85,sell,2024-11-15 09:36:18
100,18.85,sell,2024-11-15 09:36:18
200,18.85,sell,2024-11-15 09:36:18
100,18.85,sell,2024-11-15 09:36:18
"1,000",18.85,sell,2024-11-15 09:36:18
100,18.85,sell,2024-11-15 09:36:18
300,18.85,sell,2024-11-15 09:36:18
300,18.85,sell,2024-11-15 09:36:18
100,18.85,sell,2024-11-15 09:36:19
"1,000",18.85,sell,2024-11-15 09:36:23
"11,000",18.85,sell,2024-11-15 09:36:24
"2,700",18.85,sell,2024-11-15 09:36:30
100,18.85,sell,2024-11-15 09:36:30
400,18.8,sell,2024-11-15 09:36:30
800,18.85,sell,2024-11-15 09:36:30
400,18.85,sell,2024-11-15 09:36:30
"2,600",18.85,sell,2024-11-15 09:36:30
100,18.85,sell,2024-11-15 09:36:30
"1,000",18.8,sell,2024-11-15 09:36:30
"2,500",18.8,sell,2024-11-15 09:36:30
100,18.8,sell,2024-11-15 09:36:30
"1,300",18.8,sell,2024-11-15 09:36:30
600,18.8,sell,2024-11-15 09:37:26
"5,000",18.8,sell,2024-11-15 09:37:26
500,18.8,sell,2024-11-15 09:37:26
100,18.8,sell,2024-11-15 09:37:26
"3,800",18.8,sell,2024-11-15 09:37:26
100,18.8,sell,2024-11-15 09:37:32
100,18.8,sell,2024-11-15 09:37:32
100,18.8,sell,2024-11-15 09:37:32
"5,300",18.8,sell,2024-11-15 09:37:32
"1,000",18.8,sell,2024-11-15 09:37:32
200,18.8,sell,2024-11-15 09:37:32
"10,000",18.8,sell,2024-11-15 09:37:32
100,18.8,sell,2024-11-15 09:37:32
100,18.8,sell,2024-11-15 09:37:32
200,18.8,sell,2024-11-15 09:37:32
500,18.8,sell,2024-11-15 09:37:32
100,18.8,sell,2024-11-15 09:37:32
"1,000",18.8,sell,2024-11-15 09:37:32
"10,000",18.8,sell,2024-11-15 09:37:32
100,18.8,sell,2024-11-15 09:37:32
100,18.8,sell,2024-11-15 09:37:32
100,18.8,sell,2024-11-15 09:37:32
500,18.8,sell,2024-11-15 09:37:32
"1,000",18.8,sell,2024-11-15 09:37:32
900,18.8,sell,2024-11-15 09:37:32
300,18.8,sell,2024-11-15 09:37:32
"20,000",18.8,sell,2024-11-15 09:37:32
"1,000",18.8,sell,2024-11-15 09:37:32
100,18.8,sell,2024-11-15 09:37:32
300,18.8,sell,2024-11-15 09:37:32
"1,000",18.8,sell,2024-11-15 09:37:32
"1,000",18.8,sell,2024-11-15 09:37:32
300,18.8,sell,2024-11-15 09:37:32
100,18.8,sell,2024-11-15 09:37:32
"10,000",18.8,sell,2024-11-15 09:37:32
500,18.8,sell,2024-11-15 09:37:32
100,18.8,sell,2024-11-15 09:37:32
"1,000",18.8,sell,2024-11-15 09:37:32
"1,000",18.8,sell,2024-11-15 09:37:32
100,18.8,sell,2024-11-15 09:37:32
200,18.8,sell,2024-11-15 09:37:32
500,18.8,sell,2024-11-15 09:37:32
100,18.8,sell,2024-11-15 09:37:32
100,18.8,sell,2024-11-15 09:37:32
200,18.8,sell,2024-11-15 09:37:32
100,18.8,sell,2024-11-15 09:37:32
"1,000",18.8,sell,2024-11-15 09:37:32
"5,000",18.8,sell,2024-11-15 09:37:32
100,18.8,sell,2024-11-15 09:37:32
100,18.8,sell,2024-11-15 09:37:32
300,18.8,sell,2024-11-15 09:37:32
"6,200",18.8,sell,2024-11-15 09:37:32
"10,000",18.8,sell,2024-11-15 09:37:32
500,18.8,sell,2024-11-15 09:37:32
100,18.8,sell,2024-11-15 09:37:32
300,18.8,sell,2024-11-15 09:37:32
"1,000",18.8,sell,2024-11-15 09:37:32
100,18.8,sell,2024-11-15 09:37:32
200,18.8,sell,2024-11-15 09:37:32
"1,000",18.8,sell,2024-11-15 09:37:32
200,18.8,sell,2024-11-15 09:37:32
100,18.8,sell,2024-11-15 09:37:32
"5,000",18.8,sell,2024-11-15 09:37:32
200,18.8,sell,2024-11-15 09:37:32
100,18.8,sell,2024-11-15 09:37:32
100,18.8,sell,2024-11-15 09:37:32
"1,000",18.8,sell,2024-11-15 09:37:32
500,18.8,sell,2024-11-15 09:37:32
100,18.8,sell,2024-11-15 09:37:32
100,18.8,sell,2024-11-15 09:37:32
"1,000",18.8,sell,2024-11-15 09:37:32
100,18.8,sell,2024-11-15 09:37:32
100,18.8,sell,2024-11-15 09:37:32
100,18.8,sell,2024-11-15 09:37:32
"10,000",18.8,sell,2024-11-15 09:37:32
100,18.8,sell,2024-11-15 09:37:32
500,18.8,sell,2024-11-15 09:37:32
100,18.8,sell,2024-11-15 09:37:32
100,18.8,sell,2024-11-15 09:37:32
"1,400",18.8,sell,2024-11-15 09:37:32
"3,000",18.8,buy,2024-11-15 09:37:37
"25,300",18.8,buy,2024-11-15 09:37:44
500,18.8,buy,2024-11-15 09:37:51
"1,000",18.8,buy,2024-11-15 09:37:53
"5,000",18.8,buy,2024-11-15 09:37:53
300,18.8,buy,2024-11-15 09:37:55
100,18.8,buy,2024-11-15 09:38:00
"20,000",18.8,buy,2024-11-15 09:38:01
100,18.75,sell,2024-11-15 09:38:01
900,18.75,sell,2024-11-15 09:38:01
"10,000",18.75,sell,2024-11-15 09:38:01
"9,100",18.75,sell,2024-11-15 09:38:01
900,18.75,sell,2024-11-15 09:38:01
100,18.75,sell,2024-11-15 09:38:01
100,18.75,sell,2024-11-15 09:38:01
100,18.8,buy,2024-11-15 09:38:13
"3,000",18.8,buy,2024-11-15 09:38:16
200,18.75,sell,2024-11-15 09:38:19
200,18.8,buy,2024-11-15 09:38:26
100,18.8,buy,2024-11-15 09:38:31
"20,000",18.8,buy,2024-11-15 09:38:41
"1,600",18.8,buy,2024-11-15 09:38:41
"2,000",18.8,buy,2024-11-15 09:38:45
200,18.8,buy,2024-11-15 09:38:54
200,18.8,buy,2024-11-15 09:38:56
200,18.8,buy,2024-11-15 09:38:56
600,18.75,sell,2024-11-15 09:38:57
100,18.8,buy,2024-11-15 09:39:01
100,18.8,buy,2024-11-15 09:39:03
700,18.8,buy,2024-11-15 09:39:04
"1,000",18.8,buy,2024-11-15 09:39:04
"3,000",18.8,buy,2024-11-15 09:39:04
"2,000",18.8,buy,2024-11-15 09:39:04
"3,200",18.8,buy,2024-11-15 09:39:04
100,18.8,buy,2024-11-15 09:39:04
"5,000",18.8,buy,2024-11-15 09:39:16
"4,900",18.8,buy,2024-11-15 09:39:19
100,18.8,buy,2024-11-15 09:39:19
300,18.75,sell,2024-11-15 09:39:27
"2,500",18.75,sell,2024-11-15 09:39:37
500,18.75,sell,2024-11-15 09:39:58
100,18.75,sell,2024-11-15 09:40:05
"2,000",18.8,buy,2024-11-15 09:40:09
100,18.8,buy,2024-11-15 09:40:15
500,18.8,buy,2024-11-15 09:40:30
500,18.8,buy,2024-11-15 09:40:40
500,18.8,buy,2024-11-15 09:40:46
100,18.8,buy,2024-11-15 09:41:13
200,18.8,buy,2024-11-15 09:41:13
100,18.8,buy,2024-11-15 09:41:14
200,18.8,buy,2024-11-15 09:41:17
"5,700",18.8,buy,2024-11-15 09:41:18
"10,000",18.8,buy,2024-11-15 09:41:18
"20,000",18.8,buy,2024-11-15 09:41:18
200,18.8,buy,2024-11-15 09:41:18
600,18.8,buy,2024-11-15 09:41:18
"13,500",18.8,buy,2024-11-15 09:41:18
500,18.8,buy,2024-11-15 09:41:24
500,18.8,buy,2024-11-15 09:41:25
500,18.8,buy,2024-11-15 09:41:30
500,18.8,buy,2024-11-15 09:41:30
"10,000",18.8,buy,2024-11-15 09:41:30
500,18.8,buy,2024-11-15 09:41:30
100,18.8,buy,2024-11-15 09:41:30
300,18.8,buy,2024-11-15 09:41:30
900,18.8,buy,2024-11-15 09:41:30
100,18.8,buy,2024-11-15 09:41:30
100,18.8,buy,2024-11-15 09:41:30
"1,000",18.8,buy,2024-11-15 09:41:30
200,18.8,buy,2024-11-15 09:41:30
"1,300",18.8,buy,2024-11-15 09:41:30
900,18.8,buy,2024-11-15 09:41:30
700,18.8,buy,2024-11-15 09:41:30
300,18.8,buy,2024-11-15 09:41:30
700,18.8,buy,2024-11-15 09:41:30
800,18.8,buy,2024-11-15 09:41:30
"46,500",18.8,buy,2024-11-15 09:41:30
300,18.8,sell,2024-11-15 09:41:43
"8,000",18.8,sell,2024-11-15 09:41:48
100,18.85,buy,2024-11-15 09:41:50
500,18.8,sell,2024-11-15 09:41:59
200,18.8,sell,2024-11-15 09:42:08
"10,000",18.8,sell,2024-11-15 09:42:23
"2,500",18.8,sell,2024-11-15 09:42:27
"1,000",18.8,sell,2024-11-15 09:42:30
"1,200",18.8,sell,2024-11-15 09:42:36
"5,000",18.8,sell,2024-11-15 09:42:42
300,18.8,sell,2024-11-15 09:42:46
600,18.8,sell,2024-11-15 09:43:56
100,18.85,buy,2024-11-15 09:43:59
"5,000",18.8,sell,2024-11-15 09:44:00
"1,300",18.8,sell,2024-11-15 09:44:00
100,18.85,buy,2024-11-15 09:44:05
"1,200",18.8,sell,2024-11-15 09:44:10
300,18.8,sell,2024-11-15 09:44:10
500,18.8,sell,2024-11-15 09:44:10
"9,700",18.8,sell,2024-11-15 09:44:41
300,18.8,sell,2024-11-15 09:44:41
"1,800",18.85,buy,2024-11-15 09:44:59
"2,600",18.85,buy,2024-11-15 09:44:59
"3,100",18.85,buy,2024-11-15 09:44:59
100,18.85,buy,2024-11-15 09:45:00
200,18.85,buy,2024-11-15 09:45:00
100,18.85,buy,2024-11-15 09:45:07
"2,300",18.85,buy,2024-11-15 09:45:11
"2,000",18.85,buy,2024-11-15 09:45:11
"2,300",18.85,buy,2024-11-15 09:45:11
100,18.85,buy,2024-11-15 09:45:11
"10,000",18.85,buy,2024-11-15 09:45:11
"5,800",18.85,buy,2024-11-15 09:45:11
"1,100",18.85,buy,2024-11-15 09:45:15
100,18.85,buy,2024-11-15 09:45:16
"1,200",18.85,buy,2024-11-15 09:45:23
"1,800",18.85,buy,2024-11-15 09:45:30
300,18.85,buy,2024-11-15 09:45:30
500,18.85,buy,2024-11-15 09:45:30
400,18.85,buy,2024-11-15 09:45:30
100,18.85,buy,2024-11-15 09:45:30
"5,000",18.85,buy,2024-11-15 09:45:31
100,18.85,buy,2024-11-15 09:45:36
500,18.85,buy,2024-11-15 09:45:44
400,18.85,buy,2024-11-15 09:45:45
100,18.85,buy,2024-11-15 09:45:47
"5,000",18.8,sell,2024-11-15 09:45:51
500,18.85,buy,2024-11-15 09:45:53
300,18.85,buy,2024-11-15 09:46:00
600,18.8,sell,2024-11-15 09:46:02
500,18.85,buy,2024-11-15 09:46:06
"1,000",18.85,buy,2024-11-15 09:46:37
"3,000",18.85,buy,2024-11-15 09:47:19
100,18.85,buy,2024-11-15 09:47:28
100,18.85,buy,2024-11-15 09:47:30
"3,000",18.8,sell,2024-11-15 09:47:33
500,18.85,buy,2024-11-15 09:47:36
100,18.85,buy,2024-11-15 09:47:45
"4,000",18.85,buy,2024-11-15 09:47:55
"3,300",18.85,buy,2024-11-15 09:47:56
800,18.85,buy,2024-11-15 09:47:56
400,18.85,buy,2024-11-15 09:47:56
200,18.85,buy,2024-11-15 09:47:56
800,18.85,buy,2024-11-15 09:47:56
400,18.85,buy,2024-11-15 09:47:56
600,18.85,buy,2024-11-15 09:47:56
100,18.85,buy,2024-11-15 09:47:56
400,18.85,buy,2024-11-15 09:47:56
"1,500",18.85,buy,2024-11-15 09:47:56
500,18.85,buy,2024-11-15 09:47:56
"40,000",18.85,buy,2024-11-15 09:47:56
600,18.85,buy,2024-11-15 09:47:56
300,18.85,buy,2024-11-15 09:47:56
100,18.85,buy,2024-11-15 09:47:56
200,18.85,buy,2024-11-15 09:48:00
200,18.85,buy,2024-11-15 09:48:00
"1,300",18.85,buy,2024-11-15 09:48:00
400,18.85,buy,2024-11-15 09:48:00
600,18.85,buy,2024-11-15 09:48:00
100,18.85,buy,2024-11-15 09:48:15
500,18.85,buy,2024-11-15 09:48:31
"50,000",18.85,buy,2024-11-15 09:48:33
"2,500",18.85,buy,2024-11-15 09:48:45
300,18.85,buy,2024-11-15 09:48:46
100,18.85,buy,2024-11-15 09:48:46
400,18.8,sell,2024-11-15 09:48:50
"45,900",18.85,buy,2024-11-15 09:49:04
"29,700",18.85,buy,2024-11-15 09:49:04
"6,000",18.85,sell,2024-11-15 09:49:04
"10,000",18.85,buy,2024-11-15 09:49:04
300,18.85,buy,2024-11-15 09:49:04
"3,000",18.85,buy,2024-11-15 09:49:04
"2,000",18.85,buy,2024-11-15 09:49:04
500,18.85,buy,2024-11-15 09:49:04
"1,000",18.85,buy,2024-11-15 09:49:04
"1,000",18.85,buy,2024-11-15 09:49:04
600,18.85,buy,2024-11-15 09:49:04
"4,000",18.85,buy,2024-11-15 09:49:15
"1,000",18.85,sell,2024-11-15 09:49:22
100,18.85,sell,2024-11-15 09:49:22
700,18.85,sell,2024-11-15 09:49:22
"3,000",18.85,buy,2024-11-15 09:49:23
100,18.85,buy,2024-11-15 09:49:28
100,18.85,buy,2024-11-15 09:49:28
"12,400",18.85,sell,2024-11-15 09:49:34
400,18.85,sell,2024-11-15 09:49:34
100,18.85,sell,2024-11-15 09:49:34
600,18.85,buy,2024-11-15 09:49:45
100,18.85,buy,2024-11-15 09:49:53
"1,000",18.85,buy,2024-11-15 09:49:53
"2,400",18.85,buy,2024-11-15 09:49:56
"5,000",18.85,sell,2024-11-15 09:50:29
100,18.85,sell,2024-11-15 09:50:33
200,18.85,sell,2024-11-15 09:50:33
200,18.85,sell,2024-11-15 09:50:33
"1,500",18.85,sell,2024-11-15 09:50:33
300,18.85,sell,2024-11-15 09:51:18
"3,000",18.85,sell,2024-11-15 09:51:20
300,18.85,sell,2024-11-15 09:51:39
500,18.85,sell,2024-11-15 09:52:11
"1,000",18.85,sell,2024-11-15 09:52:47
"10,000",18.85,sell,2024-11-15 09:52:51
500,18.85,sell,2024-11-15 09:52:54
"10,000",18.85,sell,2024-11-15 09:53:45
700,18.85,sell,2024-11-15 09:53:52
200,18.85,sell,2024-11-15 09:53:58
600,18.85,sell,2024-11-15 09:54:03
"3,000",18.85,sell,2024-11-15 09:54:20
"2,000",18.9,buy,2024-11-15 09:54:42
100,18.9,buy,2024-11-15 09:54:45
100,18.9,buy,2024-11-15 09:54:57
100,18.9,buy,2024-11-15 09:55:13
100,18.9,buy,2024-11-15 09:55:14
500,18.85,sell,2024-11-15 09:55:23
600,18.9,buy,2024-11-15 09:55:32
"1,000",18.9,buy,2024-11-15 09:56:00
100,18.9,buy,2024-11-15 09:56:13
"11,400",18.85,sell,2024-11-15 09:56:24
"1,200",18.85,sell,2024-11-15 09:56:24
200,18.85,sell,2024-11-15 09:56:24
"1,000",18.85,sell,2024-11-15 09:56:24
200,18.85,sell,2024-11-15 09:56:24
"2,000",18.85,sell,2024-11-15 09:56:24
200,18.85,sell,2024-11-15 09:56:24
200,18.85,sell,2024-11-15 09:56:24
100,18.85,sell,2024-11-15 09:56:24
"3,500",18.85,sell,2024-11-15 09:56:24
"2,700",18.85,sell,2024-11-15 09:56:27
800,18.85,sell,2024-11-15 09:57:21
"15,500",18.85,sell,2024-11-15 09:57:33
"10,000",18.85,sell,2024-11-15 09:57:33
"2,000",18.85,sell,2024-11-15 09:57:33
100,18.85,sell,2024-11-15 09:57:33
100,18.85,sell,2024-11-15 09:57:33
100,18.85,sell,2024-11-15 09:57:33
600,18.85,sell,2024-11-15 09:57:33
100,18.85,sell,2024-11-15 09:57:33
"1,500",18.85,sell,2024-11-15 09:57:33
900,18.9,buy,2024-11-15 09:57:35
100,18.85,sell,2024-11-15 09:57:37
800,18.85,sell,2024-11-15 09:57:51
100,18.9,buy,2024-11-15 09:58:27
100,18.85,sell,2024-11-15 09:59:04
100,18.9,buy,2024-11-15 09:59:04
"1,000",18.85,sell,2024-11-15 09:59:14
100,18.85,sell,2024-11-15 09:59:14
"5,000",18.85,sell,2024-11-15 09:59:14
"5,000",18.85,sell,2024-11-15 09:59:14
"1,000",18.85,sell,2024-11-15 09:59:14
500,18.85,sell,2024-11-15 09:59:14
200,18.85,sell,2024-11-15 09:59:14
"21,800",18.85,sell,2024-11-15 09:59:14
"2,000",18.85,sell,2024-11-15 09:59:14
100,18.85,sell,2024-11-15 09:59:14
500,18.85,sell,2024-11-15 09:59:14
200,18.85,sell,2024-11-15 09:59:14
"1,000",18.85,sell,2024-11-15 09:59:14
500,18.85,sell,2024-11-15 09:59:14
100,18.85,sell,2024-11-15 09:59:14
"1,000",18.85,sell,2024-11-15 09:59:14
"3,800",18.9,buy,2024-11-15 09:59:22
"4,000",18.9,buy,2024-11-15 09:59:22
100,18.9,buy,2024-11-15 09:59:22
100,18.9,buy,2024-11-15 09:59:22
"3,800",18.9,buy,2024-11-15 09:59:22
400,18.9,buy,2024-11-15 09:59:22
200,18.9,buy,2024-11-15 09:59:22
200,18.9,buy,2024-11-15 09:59:22
100,18.9,buy,2024-11-15 09:59:22
"10,000",18.9,buy,2024-11-15 09:59:22
400,18.9,buy,2024-11-15 09:59:22
500,18.9,buy,2024-11-15 09:59:22
400,18.9,buy,2024-11-15 09:59:22
"20,000",18.9,buy,2024-11-15 09:59:22
500,18.9,buy,2024-11-15 09:59:22
100,18.9,buy,2024-11-15 09:59:22
"1,400",18.9,buy,2024-11-15 09:59:22
100,18.9,buy,2024-11-15 09:59:22
300,18.9,buy,2024-11-15 09:59:22
100,18.9,buy,2024-11-15 09:59:22
100,18.9,buy,2024-11-15 09:59:22
300,18.9,buy,2024-11-15 09:59:22
"10,000",18.9,buy,2024-11-15 09:59:22
500,18.9,buy,2024-11-15 09:59:22
900,18.9,buy,2024-11-15 09:59:22
"20,000",18.9,buy,2024-11-15 09:59:22
"1,800",18.9,buy,2024-11-15 09:59:22
200,18.9,buy,2024-11-15 09:59:22
100,18.9,buy,2024-11-15 09:59:22
"6,800",18.9,buy,2024-11-15 09:59:22
200,18.9,buy,2024-11-15 09:59:22
"10,000",18.9,buy,2024-11-15 09:59:22
300,18.9,buy,2024-11-15 09:59:22
200,18.9,buy,2024-11-15 09:59:22
"2,000",18.9,buy,2024-11-15 09:59:22
100,18.9,buy,2024-11-15 09:59:22
"10,000",18.85,sell,2024-11-15 09:59:26
100,18.85,sell,2024-11-15 09:59:26
"2,500",18.85,sell,2024-11-15 09:59:34
"3,400",18.85,sell,2024-11-15 09:59:51
"5,000",18.85,sell,2024-11-15 10:00:03
"1,000",18.85,sell,2024-11-15 10:00:23
200,18.9,buy,2024-11-15 10:00:31
100,18.9,buy,2024-11-15 10:00:59
"1,000",18.9,buy,2024-11-15 10:01:11
"1,000",18.9,buy,2024-11-15 10:01:21
"1,500",18.9,buy,2024-11-15 10:01:21
100,18.9,buy,2024-11-15 10:01:30
100,18.85,sell,2024-11-15 10:01:33
"2,000",18.85,sell,2024-11-15 10:02:09
100,18.9,buy,2024-11-15 10:02:21
500,18.85,sell,2024-11-15 10:02:25
"1,000",18.9,buy,2024-11-15 10:02:31
200,18.9,buy,2024-11-15 10:02:33
"2,000",18.9,buy,2024-11-15 10:03:14
100,18.9,buy,2024-11-15 10:03:15
200,18.9,buy,2024-11-15 10:03:15
"3,000",18.9,buy,2024-11-15 10:03:17
"1,000",18.9,buy,2024-11-15 10:03:21
200,18.9,buy,2024-11-15 10:03:30
100,18.9,buy,2024-11-15 10:03:39
200,18.9,buy,2024-11-15 10:04:10
"1,000",18.9,buy,2024-11-15 10:04:14
"1,000",18.9,buy,2024-11-15 10:04:25
100,18.9,buy,2024-11-15 10:04:26
100,18.9,buy,2024-11-15 10:04:35
800,18.9,buy,2024-11-15 10:04:48
300,18.9,buy,2024-11-15 10:04:50
"5,000",18.9,buy,2024-11-15 10:04:50
"18,200",18.9,buy,2024-11-15 10:04:50
300,18.9,buy,2024-11-15 10:04:50
"10,000",18.9,buy,2024-11-15 10:04:50
100,18.9,buy,2024-11-15 10:04:50
100,18.9,buy,2024-11-15 10:04:50
600,18.9,buy,2024-11-15 10:04:50
800,18.9,buy,2024-11-15 10:04:50
300,18.9,buy,2024-11-15 10:04:50
"2,500",18.9,buy,2024-11-15 10:04:50
"1,300",18.9,buy,2024-11-15 10:04:50
100,18.9,buy,2024-11-15 10:04:50
"3,000",18.9,buy,2024-11-15 10:04:50
100,18.9,buy,2024-11-15 10:04:50
"1,100",18.9,buy,2024-11-15 10:04:50
"1,000",18.9,buy,2024-11-15 10:04:50
"1,000",18.9,buy,2024-11-15 10:04:50
200,18.9,buy,2024-11-15 10:04:50
"20,000",18.9,buy,2024-11-15 10:04:50
"10,000",18.9,buy,2024-11-15 10:04:50
200,18.9,buy,2024-11-15 10:04:50
"3,000",18.9,buy,2024-11-15 10:04:50
700,18.9,buy,2024-11-15 10:04:50
300,18.9,buy,2024-11-15 10:04:50
600,18.9,buy,2024-11-15 10:04:50
100,18.9,buy,2024-11-15 10:04:50
"4,000",18.9,buy,2024-11-15 10:04:50
"1,000",18.9,buy,2024-11-15 10:04:50
"1,600",18.9,buy,2024-11-15 10:04:50
200,18.9,buy,2024-11-15 10:04:50
"10,000",18.9,buy,2024-11-15 10:04:50
"10,000",18.9,buy,2024-11-15 10:04:50
800,18.9,buy,2024-11-15 10:04:50
900,18.9,buy,2024-11-15 10:04:50
"10,000",18.9,buy,2024-11-15 10:04:50
100,18.9,buy,2024-11-15 10:04:50
"1,000",18.9,buy,2024-11-15 10:04:50
"1,000",18.9,buy,2024-11-15 10:04:50
100,18.9,buy,2024-11-15 10:04:50
100,18.9,buy,2024-11-15 10:04:50
300,18.9,buy,2024-11-15 10:04:50
700,18.9,buy,2024-11-15 10:04:50
"10,000",18.9,buy,2024-11-15 10:04:50
"5,000",18.9,buy,2024-11-15 10:04:50
200,18.9,buy,2024-11-15 10:04:50
"10,000",18.9,buy,2024-11-15 10:04:50
100,18.9,buy,2024-11-15 10:04:50
"1,100",18.9,buy,2024-11-15 10:04:50
100,18.9,buy,2024-11-15 10:04:50
300,18.9,buy,2024-11-15 10:04:50
400,18.9,buy,2024-11-15 10:04:50
"1,000",18.9,buy,2024-11-15 10:04:50
"1,800",18.9,buy,2024-11-15 10:04:50
"1,100",18.9,buy,2024-11-15 10:04:50
500,18.9,buy,2024-11-15 10:04:50
700,18.9,buy,2024-11-15 10:04:50
400,18.9,buy,2024-11-15 10:04:50
200,18.9,buy,2024-11-15 10:04:50
"1,000",18.9,buy,2024-11-15 10:04:50
500,18.9,sell,2024-11-15 10:04:54
"3,000",18.9,sell,2024-11-15 10:04:57
700,18.9,sell,2024-11-15 10:05:16
400,18.9,sell,2024-11-15 10:05:20
100,18.9,sell,2024-11-15 10:05:30
100,18.9,sell,2024-11-15 10:05:38
"5,000",18.9,sell,2024-11-15 10:06:08
"3,000",18.9,sell,2024-11-15 10:06:15
"1,000",18.9,sell,2024-11-15 10:06:21
"1,000",18.9,sell,2024-11-15 10:06:43
100,18.95,buy,2024-11-15 10:07:32
"1,000",18.95,buy,2024-11-15 10:07:33
"1,400",18.9,sell,2024-11-15 10:07:41
100,18.9,sell,2024-11-15 10:07:49
200,18.95,buy,2024-11-15 10:07:49
100,18.9,sell,2024-11-15 10:08:20
300,18.9,sell,2024-11-15 10:09:32
100,18.9,sell,2024-11-15 10:09:37
300,18.9,sell,2024-11-15 10:10:05
400,18.9,sell,2024-11-15 10:10:12
"5,000",18.9,sell,2024-11-15 10:10:12
100,18.9,sell,2024-11-15 10:10:19
"2,700",18.9,sell,2024-11-15 10:10:41
100,18.9,sell,2024-11-15 10:10:41
200,18.9,sell,2024-11-15 10:10:41
200,18.9,sell,2024-11-15 10:10:57
200,18.95,buy,2024-11-15 10:11:28
200,18.9,sell,2024-11-15 10:11:41
100,18.95,buy,2024-11-15 10:11:45
500,18.9,sell,2024-11-15 10:12:32
"5,000",18.9,sell,2024-11-15 10:12:35
"1,900",18.9,sell,2024-11-15 10:12:52
500,18.9,sell,2024-11-15 10:12:52
"2,000",18.9,sell,2024-11-15 10:12:52
200,18.9,sell,2024-11-15 10:12:52
500,18.9,sell,2024-11-15 10:12:52
"24,900",18.9,sell,2024-11-15 10:12:52
400,18.9,sell,2024-11-15 10:13:06
"1,000",18.95,buy,2024-11-15 10:13:08
200,18.95,buy,2024-11-15 10:13:42
"1,500",18.95,buy,2024-11-15 10:13:53
"2,500",18.95,buy,2024-11-15 10:13:53
200,18.95,buy,2024-11-15 10:14:00
100,18.95,buy,2024-11-15 10:14:06
"10,000",18.9,sell,2024-11-15 10:14:15
"14,700",18.9,sell,2024-11-15 10:14:26
300,18.9,sell,2024-11-15 10:14:26
"8,000",18.9,sell,2024-11-15 10:14:26
"2,000",18.9,sell,2024-11-15 10:14:39
400,18.9,sell,2024-11-15 10:14:45
"1,100",18.9,sell,2024-11-15 10:14:45
500,18.9,sell,2024-11-15 10:14:46
"3,400",18.9,sell,2024-11-15 10:14:52
200,18.9,sell,2024-11-15 10:14:52
100,18.9,sell,2024-11-15 10:14:52
500,18.9,sell,2024-11-15 10:14:52
100,18.9,sell,2024-11-15 10:14:52
700,18.9,sell,2024-11-15 10:14:52
300,18.9,sell,2024-11-15 10:14:52
800,18.9,sell,2024-11-15 10:14:52
100,18.9,sell,2024-11-15 10:14:52
100,18.9,sell,2024-11-15 10:14:52
500,18.9,sell,2024-11-15 10:14:52
100,18.9,sell,2024-11-15 10:14:52
"1,600",18.9,sell,2024-11-15 10:14:52
200,18.9,sell,2024-11-15 10:14:52
"1,000",18.9,sell,2024-11-15 10:14:52
100,18.9,sell,2024-11-15 10:14:52
200,18.9,sell,2024-11-15 10:15:01
200,18.9,sell,2024-11-15 10:15:01
200,18.9,sell,2024-11-15 10:15:01
"1,500",18.9,sell,2024-11-15 10:15:01
800,18.9,sell,2024-11-15 10:15:01
100,18.9,sell,2024-11-15 10:15:01
200,18.95,buy,2024-11-15 10:15:06
100,18.95,buy,2024-11-15 10:15:15
100,18.95,buy,2024-11-15 10:15:27
"1,500",18.9,sell,2024-11-15 10:15:30
500,18.9,sell,2024-11-15 10:15:31
"1,000",18.9,sell,2024-11-15 10:15:31
"2,000",18.9,sell,2024-11-15 10:15:38
100,18.9,sell,2024-11-15 10:15:38
500,18.9,sell,2024-11-15 10:15:38
900,18.9,sell,2024-11-15 10:15:50
200,18.9,sell,2024-11-15 10:16:05
100,18.9,sell,2024-11-15 10:16:05
300,18.9,sell,2024-11-15 10:16:05
100,18.9,sell,2024-11-15 10:16:05
100,18.9,sell,2024-11-15 10:16:05
100,18.9,sell,2024-11-15 10:16:05
500,18.9,sell,2024-11-15 10:16:05
100,18.9,sell,2024-11-15 10:16:05
200,18.9,sell,2024-11-15 10:16:05
300,18.9,sell,2024-11-15 10:16:05
"1,000",18.9,sell,2024-11-15 10:16:10
"5,000",18.9,sell,2024-11-15 10:16:14
"1,600",18.9,sell,2024-11-15 10:16:19
400,18.9,sell,2024-11-15 10:16:19
100,18.9,sell,2024-11-15 10:16:19
200,18.9,sell,2024-11-15 10:16:19
200,18.9,sell,2024-11-15 10:16:19
100,18.9,sell,2024-11-15 10:16:19
"2,000",18.9,sell,2024-11-15 10:16:19
400,18.9,sell,2024-11-15 10:16:19
"5,000",18.9,sell,2024-11-15 10:16:19
300,18.9,buy,2024-11-15 10:16:26
500,18.9,buy,2024-11-15 10:16:30
"3,600",18.85,sell,2024-11-15 10:18:13
500,18.85,sell,2024-11-15 10:18:13
100,18.85,sell,2024-11-15 10:18:13
100,18.85,sell,2024-11-15 10:18:13
100,18.85,sell,2024-11-15 10:18:13
300,18.85,sell,2024-11-15 10:18:13
"25,300",18.85,sell,2024-11-15 10:18:13
100,18.9,buy,2024-11-15 10:18:16
500,18.9,buy,2024-11-15 10:18:20
500,18.9,buy,2024-11-15 10:18:36
200,18.9,buy,2024-11-15 10:18:45
"2,000",18.85,sell,2024-11-15 10:19:02
900,18.85,sell,2024-11-15 10:19:06
"5,000",18.85,sell,2024-11-15 10:19:16
"1,000",18.85,sell,2024-11-15 10:19:26
"2,600",18.85,sell,2024-11-15 10:19:42
"1,000",18.85,sell,2024-11-15 10:19:45
200,18.85,sell,2024-11-15 10:19:46
900,18.85,sell,2024-11-15 10:20:05
"1,000",18.85,sell,2024-11-15 10:20:24
"5,000",18.85,sell,2024-11-15 10:20:36
500,18.85,sell,2024-11-15 10:20:41
"9,000",18.85,sell,2024-11-15 10:20:43
"1,000",18.85,sell,2024-11-15 10:20:44
100,18.85,sell,2024-11-15 10:20:51
900,18.85,sell,2024-11-15 10:21:03
"1,000",18.85,sell,2024-11-15 10:21:03
800,18.85,sell,2024-11-15 10:21:07
200,18.85,sell,2024-11-15 10:21:15
"1,000",18.85,sell,2024-11-15 10:21:23
"10,000",18.85,sell,2024-11-15 10:21:25
"10,000",18.85,sell,2024-11-15 10:21:34
"1,000",18.85,sell,2024-11-15 10:21:43
"1,000",18.85,sell,2024-11-15 10:22:02
"18,600",18.85,sell,2024-11-15 10:22:21
500,18.85,sell,2024-11-15 10:22:21
"1,000",18.85,sell,2024-11-15 10:22:21
500,18.85,sell,2024-11-15 10:22:21
"2,000",18.85,sell,2024-11-15 10:22:21
500,18.85,sell,2024-11-15 10:22:21
"1,000",18.85,sell,2024-11-15 10:22:21
"1,100",18.85,sell,2024-11-15 10:22:21
100,18.85,sell,2024-11-15 10:22:21
200,18.85,sell,2024-11-15 10:22:21
"1,500",18.85,sell,2024-11-15 10:22:21
"1,000",18.85,sell,2024-11-15 10:22:21
"1,000",18.85,sell,2024-11-15 10:22:21
"1,000",18.85,sell,2024-11-15 10:22:21
900,18.85,sell,2024-11-15 10:22:22
200,18.9,buy,2024-11-15 10:22:24
"4,800",18.85,sell,2024-11-15 10:22:25
"1,000",18.85,sell,2024-11-15 10:22:41
200,18.9,buy,2024-11-15 10:22:49
100,18.9,buy,2024-11-15 10:22:51
300,18.85,sell,2024-11-15 10:22:54
"1,000",18.85,sell,2024-11-15 10:23:01
900,18.85,sell,2024-11-15 10:23:20
600,18.85,sell,2024-11-15 10:23:40
400,18.85,sell,2024-11-15 10:23:40
"1,000",18.85,sell,2024-11-15 10:24:00
100,18.85,sell,2024-11-15 10:24:01
"4,000",18.85,sell,2024-11-15 10:24:05
100,18.85,sell,2024-11-15 10:24:05
200,18.85,sell,2024-11-15 10:24:05
100,18.85,sell,2024-11-15 10:24:05
100,18.85,sell,2024-11-15 10:24:05
500,18.85,sell,2024-11-15 10:24:05
"2,000",18.85,sell,2024-11-15 10:24:05
"5,000",18.85,sell,2024-11-15 10:24:05
100,18.85,sell,2024-11-15 10:24:05
100,18.85,sell,2024-11-15 10:24:05
200,18.85,sell,2024-11-15 10:24:05
500,18.85,sell,2024-11-15 10:24:05
"1,500",18.85,sell,2024-11-15 10:24:05
"2,300",18.85,sell,2024-11-15 10:24:05
200,18.85,sell,2024-11-15 10:24:05
100,18.85,sell,2024-11-15 10:24:05
200,18.85,sell,2024-11-15 10:24:07
500,18.85,sell,2024-11-15 10:24:07
300,18.85,sell,2024-11-15 10:24:07
700,18.85,sell,2024-11-15 10:24:13
"1,100",18.85,sell,2024-11-15 10:24:13
900,18.85,sell,2024-11-15 10:24:19
"1,000",18.85,sell,2024-11-15 10:24:26
"1,000",18.85,sell,2024-11-15 10:24:38
"1,000",18.85,sell,2024-11-15 10:24:41
100,18.85,sell,2024-11-15 10:24:41
"2,000",18.85,sell,2024-11-15 10:24:41
500,18.85,sell,2024-11-15 10:24:41
"2,000",18.85,sell,2024-11-15 10:24:41
100,18.85,sell,2024-11-15 10:24:41
100,18.85,sell,2024-11-15 10:24:41
"3,000",18.85,sell,2024-11-15 10:24:41
100,18.85,sell,2024-11-15 10:24:41
100,18.85,sell,2024-11-15 10:24:41
500,18.85,sell,2024-11-15 10:24:41
"1,000",18.85,sell,2024-11-15 10:24:41
"7,500",18.85,sell,2024-11-15 10:24:42
"2,000",18.85,sell,2024-11-15 10:24:42
"2,000",18.85,sell,2024-11-15 10:24:42
"1,000",18.85,sell,2024-11-15 10:24:42
"4,000",18.85,sell,2024-11-15 10:24:51
"1,500",18.85,sell,2024-11-15 10:24:51
100,18.85,sell,2024-11-15 10:24:51
100,18.85,sell,2024-11-15 10:24:51
"1,000",18.85,sell,2024-11-15 10:24:51
700,18.85,sell,2024-11-15 10:24:51
100,18.85,sell,2024-11-15 10:24:51
100,18.85,sell,2024-11-15 10:24:51
500,18.85,sell,2024-11-15 10:24:51
"5,000",18.85,sell,2024-11-15 10:24:51
500,18.85,sell,2024-11-15 10:24:51
"1,100",18.85,sell,2024-11-15 10:24:51
100,18.85,sell,2024-11-15 10:24:51
100,18.85,sell,2024-11-15 10:24:51
100,18.85,sell,2024-11-15 10:24:51
100,18.85,sell,2024-11-15 10:24:51
"1,700",18.85,sell,2024-11-15 10:24:51
"3,000",18.85,sell,2024-11-15 10:24:51
"10,000",18.85,sell,2024-11-15 10:24:51
600,18.85,sell,2024-11-15 10:24:51
"5,000",18.85,sell,2024-11-15 10:24:51
300,18.85,sell,2024-11-15 10:24:51
"1,000",18.85,sell,2024-11-15 10:24:51
100,18.85,sell,2024-11-15 10:24:51
"1,200",18.85,sell,2024-11-15 10:24:51
100,18.85,sell,2024-11-15 10:24:51
100,18.85,sell,2024-11-15 10:24:51
300,18.85,sell,2024-11-15 10:24:51
100,18.85,sell,2024-11-15 10:24:51
200,18.85,sell,2024-11-15 10:24:51
"1,000",18.85,sell,2024-11-15 10:24:51
"1,900",18.85,buy,2024-11-15 10:25:00
"3,000",18.8,sell,2024-11-15 10:25:18
"2,000",18.8,sell,2024-11-15 10:25:18
"3,200",18.8,sell,2024-11-15 10:25:18
100,18.8,sell,2024-11-15 10:25:18
"10,000",18.8,sell,2024-11-15 10:25:18
"5,000",18.8,sell,2024-11-15 10:25:18
400,18.8,sell,2024-11-15 10:25:18
"10,000",18.8,sell,2024-11-15 10:25:18
100,18.8,sell,2024-11-15 10:25:18
100,18.8,sell,2024-11-15 10:25:18
600,18.8,sell,2024-11-15 10:25:19
"1,000",18.8,sell,2024-11-15 10:25:19
100,18.8,sell,2024-11-15 10:25:19
300,18.8,sell,2024-11-15 10:25:19
"1,000",18.8,sell,2024-11-15 10:25:19
100,18.8,sell,2024-11-15 10:25:19
900,18.8,sell,2024-11-15 10:25:38
"1,000",18.8,sell,2024-11-15 10:25:57
200,18.85,buy,2024-11-15 10:26:03
200,18.85,buy,2024-11-15 10:26:05
500,18.8,sell,2024-11-15 10:26:11
100,18.85,buy,2024-11-15 10:26:16
"1,000",18.8,sell,2024-11-15 10:26:17
500,18.8,sell,2024-11-15 10:26:36
100,18.8,sell,2024-11-15 10:26:36
300,18.8,sell,2024-11-15 10:26:36
700,18.8,sell,2024-11-15 10:26:37
500,18.8,sell,2024-11-15 10:26:37
100,18.8,sell,2024-11-15 10:26:37
700,18.8,sell,2024-11-15 10:26:37
300,18.8,sell,2024-11-15 10:26:56
100,18.8,sell,2024-11-15 10:26:56
200,18.8,sell,2024-11-15 10:26:56
400,18.8,sell,2024-11-15 10:26:56
"10,000",18.85,buy,2024-11-15 10:27:04
"1,600",18.8,sell,2024-11-15 10:27:05
400,18.8,sell,2024-11-15 10:27:05
200,18.8,sell,2024-11-15 10:27:05
"7,800",18.8,sell,2024-11-15 10:27:05
700,18.85,buy,2024-11-15 10:27:07
"1,000",18.8,sell,2024-11-15 10:27:11
"1,000",18.8,sell,2024-11-15 10:27:15
100,18.8,sell,2024-11-15 10:27:16
"1,500",18.8,sell,2024-11-15 10:27:23
"2,000",18.8,sell,2024-11-15 10:27:28
900,18.8,sell,2024-11-15 10:27:35
"1,000",18.8,sell,2024-11-15 10:27:55
100,18.85,buy,2024-11-15 10:28:06
100,18.85,buy,2024-11-15 10:28:33
"2,000",18.8,sell,2024-11-15 10:28:42
500,18.8,sell,2024-11-15 10:28:51
900,18.8,sell,2024-11-15 10:28:53
"1,000",18.8,sell,2024-11-15 10:29:12
300,18.85,buy,2024-11-15 10:29:15
"1,300",18.8,sell,2024-11-15 10:29:23
100,18.8,sell,2024-11-15 10:29:27
"1,000",18.8,sell,2024-11-15 10:29:32
"6,000",18.85,buy,2024-11-15 10:29:34
200,18.85,buy,2024-11-15 10:29:42
300,18.85,buy,2024-11-15 10:29:45
100,18.85,buy,2024-11-15 10:30:05
"1,000",18.85,buy,2024-11-15 10:30:05
400,18.8,sell,2024-11-15 10:30:12
100,18.8,sell,2024-11-15 10:30:12
200,18.8,sell,2024-11-15 10:30:12
300,18.8,sell,2024-11-15 10:30:12
"1,000",18.8,sell,2024-11-15 10:30:31
200,18.85,buy,2024-11-15 10:30:34
"3,700",18.8,sell,2024-11-15 10:30:43
300,18.8,sell,2024-11-15 10:30:43
"6,000",18.8,sell,2024-11-15 10:30:43
"2,800",18.8,sell,2024-11-15 10:30:48
900,18.8,sell,2024-11-15 10:30:51
200,18.85,buy,2024-11-15 10:30:57
100,18.85,buy,2024-11-15 10:31:01
"4,100",18.85,buy,2024-11-15 10:32:14
400,18.85,buy,2024-11-15 10:32:14
300,18.85,buy,2024-11-15 10:32:14
200,18.85,buy,2024-11-15 10:32:15
100,18.85,buy,2024-11-15 10:32:15
100,18.85,buy,2024-11-15 10:32:15
100,18.85,buy,2024-11-15 10:32:23
"9,900",18.85,buy,2024-11-15 10:32:23
100,18.85,buy,2024-11-15 10:32:24
500,18.85,buy,2024-11-15 10:32:31
"10,000",18.8,sell,2024-11-15 10:32:34
"9,000",18.85,buy,2024-11-15 10:32:35
900,18.85,buy,2024-11-15 10:32:45
"1,000",18.8,sell,2024-11-15 10:32:57
400,18.8,sell,2024-11-15 10:33:02
100,18.85,buy,2024-11-15 10:33:05
200,18.85,buy,2024-11-15 10:33:21
"1,400",18.8,sell,2024-11-15 10:33:37
"12,100",18.8,sell,2024-11-15 10:33:37
500,18.8,sell,2024-11-15 10:33:37
"22,500",18.8,sell,2024-11-15 10:33:37
100,18.8,sell,2024-11-15 10:33:37
"5,000",18.8,sell,2024-11-15 10:33:37
"18,400",18.8,sell,2024-11-15 10:33:38
"1,000",18.85,buy,2024-11-15 10:33:41
"5,300",18.85,buy,2024-11-15 10:33:41
"1,000",18.85,buy,2024-11-15 10:33:41
"1,000",18.85,buy,2024-11-15 10:33:41
500,18.85,buy,2024-11-15 10:33:41
"1,500",18.85,buy,2024-11-15 10:33:41
"2,700",18.85,buy,2024-11-15 10:33:41
"5,800",18.85,buy,2024-11-15 10:33:41
600,18.85,buy,2024-11-15 10:33:41
600,18.85,buy,2024-11-15 10:33:41
"2,300",18.85,buy,2024-11-15 10:33:45
"1,700",18.85,buy,2024-11-15 10:33:45
200,18.85,buy,2024-11-15 10:34:00
300,18.8,sell,2024-11-15 10:34:13
"3,000",18.8,sell,2024-11-15 10:34:25
200,18.8,sell,2024-11-15 10:34:26
800,18.8,sell,2024-11-15 10:34:26
"1,000",18.8,sell,2024-11-15 10:34:29
500,18.85,buy,2024-11-15 10:34:40
800,18.8,sell,2024-11-15 10:34:42
"1,600",18.85,buy,2024-11-15 10:34:43
"5,600",18.85,buy,2024-11-15 10:34:43
"16,000",18.85,buy,2024-11-15 10:34:43
900,18.85,buy,2024-11-15 10:34:43
"1,000",18.85,buy,2024-11-15 10:34:43
"14,200",18.85,buy,2024-11-15 10:34:43
"40,000",18.85,buy,2024-11-15 10:34:43
"10,000",18.85,buy,2024-11-15 10:34:43
"6,000",18.85,buy,2024-11-15 10:34:43
200,18.85,buy,2024-11-15 10:34:43
400,18.85,buy,2024-11-15 10:34:43
"1,000",18.85,buy,2024-11-15 10:34:43
"1,000",18.85,buy,2024-11-15 10:34:43
"2,100",18.85,buy,2024-11-15 10:34:43
"5,000",18.85,buy,2024-11-15 10:34:45
"29,900",18.8,sell,2024-11-15 10:34:50
"1,000",18.8,sell,2024-11-15 10:34:50
300,18.8,sell,2024-11-15 10:34:50
200,18.8,sell,2024-11-15 10:34:50
100,18.8,sell,2024-11-15 10:34:50
"4,700",18.8,sell,2024-11-15 10:34:50
"5,000",18.8,sell,2024-11-15 10:34:50
"1,000",18.8,sell,2024-11-15 10:34:50
"1,000",18.8,sell,2024-11-15 10:34:50
200,18.8,sell,2024-11-15 10:34:50
500,18.8,sell,2024-11-15 10:34:50
100,18.8,sell,2024-11-15 10:34:50
"5,000",18.8,sell,2024-11-15 10:34:50
"1,000",18.8,sell,2024-11-15 10:34:50
"1,000",18.8,sell,2024-11-15 10:34:53
"3,200",18.8,sell,2024-11-15 10:34:54
100,18.85,buy,2024-11-15 10:34:54
"10,000",18.8,sell,2024-11-15 10:34:58
"1,000",18.8,sell,2024-11-15 10:35:05
300,18.8,sell,2024-11-15 10:35:06
"1,000",18.8,sell,2024-11-15 10:35:24
900,18.8,sell,2024-11-15 10:35:25
400,18.8,sell,2024-11-15 10:35:26
"180,700",18.85,buy,2024-11-15 10:35:41
"1,000",18.85,buy,2024-11-15 10:35:41
200,18.85,buy,2024-11-15 10:35:41
200,18.85,buy,2024-11-15 10:35:41
300,18.85,buy,2024-11-15 10:35:41
"1,000",18.85,buy,2024-11-15 10:35:41
"1,000",18.85,buy,2024-11-15 10:35:41
"1,000",18.85,buy,2024-11-15 10:35:41
"9,100",18.85,buy,2024-11-15 10:35:41
200,18.85,buy,2024-11-15 10:35:41
300,18.85,buy,2024-11-15 10:35:41
200,18.85,buy,2024-11-15 10:35:41
100,18.85,buy,2024-11-15 10:35:41
500,18.85,buy,2024-11-15 10:35:41
"4,000",18.85,buy,2024-11-15 10:35:41
100,18.85,buy,2024-11-15 10:35:41
100,18.85,buy,2024-11-15 10:35:41
900,18.85,buy,2024-11-15 10:35:45
"1,000",18.85,buy,2024-11-15 10:35:45
"3,000",18.85,buy,2024-11-15 10:35:45
900,18.85,buy,2024-11-15 10:35:45
"1,000",18.85,buy,2024-11-15 10:35:45
"2,100",18.85,buy,2024-11-15 10:35:45
"1,000",18.85,buy,2024-11-15 10:35:45
100,18.85,buy,2024-11-15 10:35:45
100,18.85,buy,2024-11-15 10:35:54
500,18.85,buy,2024-11-15 10:35:54
200,18.85,buy,2024-11-15 10:35:56
"1,000",18.85,buy,2024-11-15 10:35:56
"1,000",18.85,buy,2024-11-15 10:35:56
"94,500",18.85,buy,2024-11-15 10:35:56
900,18.85,buy,2024-11-15 10:35:56
"2,400",18.85,buy,2024-11-15 10:35:56
"5,500",18.85,buy,2024-11-15 10:36:00
100,18.85,buy,2024-11-15 10:36:01
100,18.85,buy,2024-11-15 10:36:01
900,18.85,buy,2024-11-15 10:36:01
100,18.85,buy,2024-11-15 10:36:01
400,18.85,buy,2024-11-15 10:36:02
600,18.85,buy,2024-11-15 10:36:02
400,18.85,buy,2024-11-15 10:36:02
"1,500",18.85,buy,2024-11-15 10:36:02
400,18.85,buy,2024-11-15 10:36:02
700,18.85,buy,2024-11-15 10:36:02
100,18.85,buy,2024-11-15 10:36:15
400,18.85,buy,2024-11-15 10:36:15
500,18.85,buy,2024-11-15 10:36:20
100,18.85,buy,2024-11-15 10:36:29
"1,000",18.85,buy,2024-11-15 10:36:31
200,18.85,buy,2024-11-15 10:36:31
600,18.85,buy,2024-11-15 10:36:31
"1,000",18.85,buy,2024-11-15 10:36:31
"1,000",18.85,buy,2024-11-15 10:36:31
500,18.85,buy,2024-11-15 10:36:31
600,18.85,buy,2024-11-15 10:36:31
700,18.85,buy,2024-11-15 10:36:31
"94,400",18.85,buy,2024-11-15 10:36:31
300,18.85,buy,2024-11-15 10:36:36
"1,000",18.85,buy,2024-11-15 10:36:36
"3,200",18.85,buy,2024-11-15 10:36:45
"1,000",18.85,buy,2024-11-15 10:36:45
100,18.85,buy,2024-11-15 10:36:45
300,18.85,buy,2024-11-15 10:36:45
400,18.85,buy,2024-11-15 10:36:45
"1,000",18.85,buy,2024-11-15 10:36:45
200,18.85,buy,2024-11-15 10:37:00
300,18.85,buy,2024-11-15 10:37:00
100,18.85,buy,2024-11-15 10:37:04
500,18.85,buy,2024-11-15 10:37:05
400,18.85,buy,2024-11-15 10:37:16
600,18.85,buy,2024-11-15 10:37:16
400,18.85,buy,2024-11-15 10:37:19
600,18.85,buy,2024-11-15 10:37:19
100,18.85,buy,2024-11-15 10:37:21
"1,000",18.85,buy,2024-11-15 10:37:22
700,18.85,buy,2024-11-15 10:37:22
"1,000",18.85,buy,2024-11-15 10:37:22
"1,900",18.85,buy,2024-11-15 10:37:22
"1,000",18.85,buy,2024-11-15 10:37:22
"2,800",18.85,sell,2024-11-15 10:37:30
"1,000",18.85,sell,2024-11-15 10:37:35
100,18.85,sell,2024-11-15 10:37:36
300,18.85,sell,2024-11-15 10:37:36
600,18.85,sell,2024-11-15 10:37:36
200,18.85,buy,2024-11-15 10:37:45
"8,500",18.85,buy,2024-11-15 10:37:45
"1,000",18.85,buy,2024-11-15 10:37:45
500,18.85,buy,2024-11-15 10:37:45
900,18.85,buy,2024-11-15 10:37:50
"9,100",18.85,sell,2024-11-15 10:37:50
"1,000",18.85,buy,2024-11-15 10:37:50
"1,000",18.85,buy,2024-11-15 10:38:00
600,18.85,buy,2024-11-15 10:38:09
"8,300",18.85,buy,2024-11-15 10:38:11
300,18.85,buy,2024-11-15 10:38:11
"1,000",18.85,buy,2024-11-15 10:38:11
"10,000",18.85,sell,2024-11-15 10:38:19
"1,000",18.85,sell,2024-11-15 10:38:21
100,18.85,sell,2024-11-15 10:38:25
600,18.85,sell,2024-11-15 10:38:27
900,18.85,sell,2024-11-15 10:38:41
100,18.85,sell,2024-11-15 10:38:44
"2,000",18.85,sell,2024-11-15 10:38:46
100,18.85,sell,2024-11-15 10:38:46
500,18.85,sell,2024-11-15 10:38:47
"1,000",18.85,sell,2024-11-15 10:39:00
"1,000",18.85,sell,2024-11-15 10:39:05
500,18.85,sell,2024-11-15 10:39:08
"1,000",18.85,sell,2024-11-15 10:39:20
900,18.85,sell,2024-11-15 10:39:39
300,18.85,sell,2024-11-15 10:39:43
"10,300",18.85,sell,2024-11-15 10:39:47
"1,000",18.85,sell,2024-11-15 10:39:59
"7,000",18.85,sell,2024-11-15 10:40:05
300,18.85,sell,2024-11-15 10:40:13
"1,000",18.85,sell,2024-11-15 10:40:19
"4,900",18.85,sell,2024-11-15 10:40:20
100,18.85,sell,2024-11-15 10:40:27
"18,000",18.85,sell,2024-11-15 10:40:35
"1,000",18.85,sell,2024-11-15 10:40:38
200,18.9,buy,2024-11-15 10:40:38
"1,000",18.85,sell,2024-11-15 10:40:40
500,18.85,sell,2024-11-15 10:40:51
"4,900",18.85,sell,2024-11-15 10:40:57
900,18.85,sell,2024-11-15 10:40:58
"1,000",18.85,sell,2024-11-15 10:41:17
200,18.85,sell,2024-11-15 10:41:27
"8,000",18.85,sell,2024-11-15 10:41:34
"1,000",18.85,sell,2024-11-15 10:41:37
500,18.85,sell,2024-11-15 10:41:38
300,18.85,sell,2024-11-15 10:41:40
"8,800",18.85,sell,2024-11-15 10:41:40
500,18.85,sell,2024-11-15 10:41:40
700,18.85,sell,2024-11-15 10:41:40
200,18.85,sell,2024-11-15 10:41:45
"13,800",18.85,sell,2024-11-15 10:41:53
300,18.85,sell,2024-11-15 10:41:53
500,18.85,sell,2024-11-15 10:41:53
"1,300",18.85,sell,2024-11-15 10:41:53
"7,500",18.85,sell,2024-11-15 10:41:53
"6,600",18.85,sell,2024-11-15 10:41:53
900,18.85,sell,2024-11-15 10:41:56
"7,500",18.85,sell,2024-11-15 10:41:57
"2,500",18.85,sell,2024-11-15 10:41:57
"5,000",18.85,sell,2024-11-15 10:42:00
100,18.85,sell,2024-11-15 10:42:05
600,18.85,sell,2024-11-15 10:42:05
500,18.85,sell,2024-11-15 10:42:05
100,18.85,sell,2024-11-15 10:42:05
600,18.85,sell,2024-11-15 10:42:05
"4,900",18.85,sell,2024-11-15 10:42:10
"1,000",18.85,sell,2024-11-15 10:42:16
"1,500",18.85,sell,2024-11-15 10:42:23
"2,000",18.85,sell,2024-11-15 10:42:23
500,18.85,sell,2024-11-15 10:42:23
"1,300",18.85,sell,2024-11-15 10:42:29
"1,000",18.85,sell,2024-11-15 10:42:36
100,18.85,sell,2024-11-15 10:42:43
900,18.85,sell,2024-11-15 10:42:55
500,18.85,sell,2024-11-15 10:43:15
"1,000",18.85,sell,2024-11-15 10:43:15
"2,700",18.85,sell,2024-11-15 10:43:20
100,18.85,sell,2024-11-15 10:43:20
"7,500",18.85,sell,2024-11-15 10:43:20
500,18.85,sell,2024-11-15 10:43:20
900,18.85,sell,2024-11-15 10:43:20
"2,300",18.85,sell,2024-11-15 10:43:20
"2,000",18.85,sell,2024-11-15 10:43:20
"1,000",18.85,sell,2024-11-15 10:43:20
200,18.85,sell,2024-11-15 10:43:20
"2,000",18.85,sell,2024-11-15 10:43:20
300,18.85,sell,2024-11-15 10:43:20
500,18.85,sell,2024-11-15 10:43:20
300,18.85,sell,2024-11-15 10:43:20
"1,000",18.85,sell,2024-11-15 10:43:20
100,18.85,sell,2024-11-15 10:43:20
500,18.85,sell,2024-11-15 10:43:20
100,18.85,sell,2024-11-15 10:43:20
300,18.85,sell,2024-11-15 10:43:20
"1,500",18.85,sell,2024-11-15 10:43:20
"2,000",18.85,sell,2024-11-15 10:43:20
"5,000",18.85,sell,2024-11-15 10:43:20
600,18.85,sell,2024-11-15 10:43:20
300,18.85,sell,2024-11-15 10:43:20
100,18.85,sell,2024-11-15 10:43:20
500,18.85,sell,2024-11-15 10:43:20
"8,000",18.85,sell,2024-11-15 10:43:20
"1,000",18.85,sell,2024-11-15 10:43:20
"5,300",18.85,sell,2024-11-15 10:43:20
300,18.85,sell,2024-11-15 10:43:20
"2,300",18.85,buy,2024-11-15 10:43:30
100,18.85,buy,2024-11-15 10:43:45
600,18.85,buy,2024-11-15 10:43:59
200,18.85,buy,2024-11-15 10:44:17
200,18.85,buy,2024-11-15 10:44:17
200,18.85,buy,2024-11-15 10:44:50
"10,000",18.8,sell,2024-11-15 10:45:30
"1,000",18.8,sell,2024-11-15 10:45:32
100,18.85,buy,2024-11-15 10:45:36
500,18.85,buy,2024-11-15 10:45:46
"2,000",18.8,sell,2024-11-15 10:45:46
"1,000",18.8,sell,2024-11-15 10:45:51
"1,000",18.85,buy,2024-11-15 10:46:02
"1,000",18.85,buy,2024-11-15 10:46:07
100,18.85,buy,2024-11-15 10:46:13
100,18.85,buy,2024-11-15 10:46:15
"1,000",18.85,buy,2024-11-15 10:46:19
100,18.85,buy,2024-11-15 10:46:33
"1,300",18.85,buy,2024-11-15 10:47:13
300,18.85,buy,2024-11-15 10:47:38
100,18.85,buy,2024-11-15 10:47:55
200,18.85,buy,2024-11-15 10:47:56
100,18.85,buy,2024-11-15 10:47:58
100,18.85,buy,2024-11-15 10:48:00
100,18.85,buy,2024-11-15 10:48:01
100,18.85,buy,2024-11-15 10:48:30
100,18.8,sell,2024-11-15 10:48:55
700,18.8,sell,2024-11-15 10:48:55
100,18.8,sell,2024-11-15 10:48:55
100,18.8,sell,2024-11-15 10:48:55
200,18.8,sell,2024-11-15 10:48:55
100,18.8,sell,2024-11-15 10:48:55
200,18.8,sell,2024-11-15 10:48:55
100,18.8,sell,2024-11-15 10:48:55
"1,000",18.8,sell,2024-11-15 10:48:55
"1,000",18.8,sell,2024-11-15 10:48:55
300,18.8,sell,2024-11-15 10:48:55
500,18.8,sell,2024-11-15 10:48:55
"13,500",18.8,sell,2024-11-15 10:48:55
200,18.8,sell,2024-11-15 10:48:55
100,18.8,sell,2024-11-15 10:48:55
500,18.8,sell,2024-11-15 10:48:55
700,18.8,sell,2024-11-15 10:48:55
"5,000",18.8,sell,2024-11-15 10:48:55
100,18.8,sell,2024-11-15 10:48:55
100,18.8,sell,2024-11-15 10:48:55
"2,000",18.8,sell,2024-11-15 10:48:55
500,18.8,sell,2024-11-15 10:48:55
"1,000",18.8,sell,2024-11-15 10:48:55
100,18.8,sell,2024-11-15 10:48:55
100,18.8,sell,2024-11-15 10:48:55
"2,000",18.8,sell,2024-11-15 10:48:55
"2,900",18.8,sell,2024-11-15 10:48:55
"3,000",18.8,sell,2024-11-15 10:48:55
100,18.8,sell,2024-11-15 10:48:55
100,18.8,sell,2024-11-15 10:48:55
"1,000",18.8,sell,2024-11-15 10:48:55
"10,000",18.8,sell,2024-11-15 10:48:55
600,18.8,sell,2024-11-15 10:48:55
200,18.8,sell,2024-11-15 10:48:55
"1,000",18.8,sell,2024-11-15 10:48:55
100,18.8,sell,2024-11-15 10:48:55
100,18.8,sell,2024-11-15 10:48:55
500,18.8,sell,2024-11-15 10:48:55
100,18.8,sell,2024-11-15 10:48:55
"1,000",18.85,buy,2024-11-15 10:49:04
200,18.85,buy,2024-11-15 10:49:06
100,18.85,buy,2024-11-15 10:49:06
"2,000",18.85,buy,2024-11-15 10:49:08
100,18.85,buy,2024-11-15 10:49:10
"1,000",18.8,sell,2024-11-15 10:49:13
"5,000",18.8,sell,2024-11-15 10:49:13
"1,600",18.8,sell,2024-11-15 10:49:13
400,18.8,sell,2024-11-15 10:49:13
900,18.8,sell,2024-11-15 10:49:27
200,18.8,sell,2024-11-15 10:49:27
"1,300",18.8,sell,2024-11-15 10:49:36
"1,000",18.8,sell,2024-11-15 10:49:46
"1,200",18.8,sell,2024-11-15 10:49:52
100,18.8,sell,2024-11-15 10:49:52
200,18.8,sell,2024-11-15 10:49:52
"5,000",18.8,sell,2024-11-15 10:49:52
100,18.8,sell,2024-11-15 10:49:52
100,18.8,sell,2024-11-15 10:49:52
100,18.8,sell,2024-11-15 10:49:52
"3,200",18.8,sell,2024-11-15 10:49:52
"1,800",18.8,sell,2024-11-15 10:49:56
500,18.8,sell,2024-11-15 10:49:56
200,18.8,sell,2024-11-15 10:49:56
"1,000",18.8,sell,2024-11-15 10:49:56
100,18.8,sell,2024-11-15 10:49:56
100,18.8,sell,2024-11-15 10:49:56
"3,000",18.8,sell,2024-11-15 10:49:56
100,18.8,sell,2024-11-15 10:49:56
"1,000",18.8,sell,2024-11-15 10:49:56
400,18.8,sell,2024-11-15 10:49:56
100,18.8,sell,2024-11-15 10:49:56
"10,000",18.8,sell,2024-11-15 10:49:57
500,18.8,sell,2024-11-15 10:49:57
100,18.8,sell,2024-11-15 10:49:57
"1,500",18.8,sell,2024-11-15 10:49:57
200,18.8,sell,2024-11-15 10:49:57
"1,000",18.8,sell,2024-11-15 10:49:57
"8,400",18.8,sell,2024-11-15 10:49:57
"1,600",18.8,sell,2024-11-15 10:49:58
"1,000",18.8,sell,2024-11-15 10:49:58
"1,000",18.8,sell,2024-11-15 10:49:58
100,18.8,sell,2024-11-15 10:49:58
500,18.8,sell,2024-11-15 10:49:58
"1,800",18.8,sell,2024-11-15 10:49:58
300,18.8,sell,2024-11-15 10:49:58
"3,000",18.8,sell,2024-11-15 10:49:58
100,18.8,sell,2024-11-15 10:49:58
"1,000",18.8,sell,2024-11-15 10:49:58
600,18.8,sell,2024-11-15 10:49:58
"1,400",18.8,sell,2024-11-15 10:49:58
"1,300",18.8,sell,2024-11-15 10:49:58
200,18.8,sell,2024-11-15 10:49:58
"6,000",18.8,sell,2024-11-15 10:49:58
100,18.8,sell,2024-11-15 10:49:58
"4,000",18.8,sell,2024-11-15 10:50:03
100,18.8,sell,2024-11-15 10:50:03
"4,700",18.8,sell,2024-11-15 10:50:03
100,18.8,sell,2024-11-15 10:50:03
500,18.8,sell,2024-11-15 10:50:03
100,18.8,sell,2024-11-15 10:50:03
"1,000",18.8,sell,2024-11-15 10:50:03
200,18.8,sell,2024-11-15 10:50:03
200,18.8,sell,2024-11-15 10:50:03
"2,000",18.8,sell,2024-11-15 10:50:03
100,18.8,sell,2024-11-15 10:50:03
"1,000",18.8,sell,2024-11-15 10:50:06
"1,100",18.8,sell,2024-11-15 10:50:19
100,18.8,sell,2024-11-15 10:50:21
"1,000",18.8,sell,2024-11-15 10:50:26
"2,500",18.8,sell,2024-11-15 10:50:28
"2,300",18.8,sell,2024-11-15 10:50:28
100,18.8,sell,2024-11-15 10:50:28
500,18.8,sell,2024-11-15 10:50:28
100,18.8,sell,2024-11-15 10:50:28
200,18.8,sell,2024-11-15 10:50:28
400,18.8,sell,2024-11-15 10:50:28
500,18.8,sell,2024-11-15 10:50:28
500,18.8,sell,2024-11-15 10:50:28
"5,400",18.8,sell,2024-11-15 10:50:28
900,18.8,sell,2024-11-15 10:50:45
"1,500",18.8,sell,2024-11-15 10:50:56
"7,200",18.8,sell,2024-11-15 10:51:01
100,18.8,sell,2024-11-15 10:51:01
"2,700",18.8,sell,2024-11-15 10:51:01
"1,000",18.8,sell,2024-11-15 10:51:05
300,18.8,sell,2024-11-15 10:51:07
"1,000",18.8,sell,2024-11-15 10:51:19
"1,300",18.8,sell,2024-11-15 10:51:19
800,18.8,sell,2024-11-15 10:51:19
"1,000",18.8,sell,2024-11-15 10:51:24
100,18.85,buy,2024-11-15 10:51:32
200,18.85,buy,2024-11-15 10:51:35
200,18.8,sell,2024-11-15 10:51:51
300,18.8,sell,2024-11-15 10:51:51
100,18.8,sell,2024-11-15 10:52:03
900,18.8,sell,2024-11-15 10:52:03
"1,000",18.8,sell,2024-11-15 10:52:23
100,18.8,sell,2024-11-15 10:52:28
"3,000",18.8,sell,2024-11-15 10:52:32
"1,000",18.8,sell,2024-11-15 10:52:32
"9,100",18.8,sell,2024-11-15 10:52:32
500,18.8,sell,2024-11-15 10:52:40
900,18.8,sell,2024-11-15 10:52:43
"1,000",18.8,sell,2024-11-15 10:53:02
"38,500",18.8,sell,2024-11-15 10:53:12
100,18.8,sell,2024-11-15 10:53:12
100,18.8,sell,2024-11-15 10:53:12
"1,000",18.8,sell,2024-11-15 10:53:12
200,18.8,sell,2024-11-15 10:53:12
"3,400",18.8,sell,2024-11-15 10:53:12
"84,300",18.8,sell,2024-11-15 10:53:12
100,18.8,sell,2024-11-15 10:53:14
"1,000",18.8,sell,2024-11-15 10:53:22
"2,000",18.8,sell,2024-11-15 10:53:27
"1,000",18.8,sell,2024-11-15 10:53:41
"2,500",18.8,sell,2024-11-15 10:53:41
200,18.85,buy,2024-11-15 10:53:43
100,18.85,buy,2024-11-15 10:53:45
"1,000",18.85,buy,2024-11-15 10:54:12
100,18.85,buy,2024-11-15 10:54:24
"5,000",18.8,sell,2024-11-15 10:54:46
"4,100",18.8,sell,2024-11-15 10:54:55
"5,900",18.8,sell,2024-11-15 10:54:55
900,18.8,sell,2024-11-15 10:55:00
400,18.8,sell,2024-11-15 10:55:11
200,18.85,buy,2024-11-15 10:55:14
"2,500",18.85,buy,2024-11-15 10:55:29
100,18.85,buy,2024-11-15 10:55:30
"2,800",18.8,sell,2024-11-15 10:55:31
100,18.8,sell,2024-11-15 10:55:31
"12,100",18.8,sell,2024-11-15 10:55:31
"10,000",18.8,sell,2024-11-15 10:55:33
"7,900",18.8,sell,2024-11-15 10:55:37
"1,000",18.8,sell,2024-11-15 10:55:37
100,18.8,sell,2024-11-15 10:55:37
100,18.8,sell,2024-11-15 10:55:37
100,18.8,sell,2024-11-15 10:55:37
"10,000",18.8,sell,2024-11-15 10:55:37
500,18.8,sell,2024-11-15 10:55:37
300,18.8,sell,2024-11-15 10:55:37
"1,000",18.8,sell,2024-11-15 10:55:39
"1,700",18.8,sell,2024-11-15 10:55:48
100,18.8,sell,2024-11-15 10:55:48
"1,000",18.8,sell,2024-11-15 10:55:48
"1,000",18.8,sell,2024-11-15 10:55:48
"1,000",18.8,sell,2024-11-15 10:55:48
100,18.8,sell,2024-11-15 10:55:48
500,18.8,sell,2024-11-15 10:55:48
200,18.8,sell,2024-11-15 10:55:48
100,18.8,sell,2024-11-15 10:55:48
500,18.8,sell,2024-11-15 10:55:48
100,18.8,sell,2024-11-15 10:55:48
100,18.8,sell,2024-11-15 10:55:48
"10,000",18.8,sell,2024-11-15 10:55:48
100,18.8,sell,2024-11-15 10:55:48
100,18.8,sell,2024-11-15 10:55:48
200,18.8,sell,2024-11-15 10:55:48
100,18.8,sell,2024-11-15 10:55:48
"1,000",18.8,sell,2024-11-15 10:55:48
"1,000",18.8,sell,2024-11-15 10:55:48
"1,000",18.8,sell,2024-11-15 10:55:48
100,18.8,sell,2024-11-15 10:55:48
100,18.8,sell,2024-11-15 10:55:48
"1,300",18.8,sell,2024-11-15 10:55:48
200,18.8,sell,2024-11-15 10:55:48
500,18.8,sell,2024-11-15 10:55:48
500,18.8,sell,2024-11-15 10:55:48
100,18.8,sell,2024-11-15 10:55:48
100,18.8,sell,2024-11-15 10:55:48
200,18.8,sell,2024-11-15 10:55:48
"2,000",18.8,sell,2024-11-15 10:55:48
900,18.8,sell,2024-11-15 10:55:58
300,18.8,sell,2024-11-15 10:55:58
"4,700",18.8,sell,2024-11-15 10:55:58
300,18.8,sell,2024-11-15 10:56:18
500,18.8,sell,2024-11-15 10:56:18
100,18.8,sell,2024-11-15 10:56:18
100,18.8,sell,2024-11-15 10:56:18
900,18.8,sell,2024-11-15 10:56:21
200,18.8,sell,2024-11-15 10:56:29
300,18.8,sell,2024-11-15 10:56:33
"1,000",18.8,sell,2024-11-15 10:56:38
600,18.8,sell,2024-11-15 10:56:47
200,18.8,sell,2024-11-15 10:56:47
200,18.8,sell,2024-11-15 10:56:47
"1,000",18.8,sell,2024-11-15 10:56:57
"2,000",18.8,sell,2024-11-15 10:57:00
100,18.85,buy,2024-11-15 10:57:02
300,18.85,buy,2024-11-15 10:57:14
100,18.85,buy,2024-11-15 10:57:16
"2,000",18.8,sell,2024-11-15 10:57:34
500,18.8,sell,2024-11-15 10:57:34
200,18.8,sell,2024-11-15 10:57:36
500,18.8,sell,2024-11-15 10:57:36
300,18.8,sell,2024-11-15 10:57:36
"1,000",18.8,sell,2024-11-15 10:57:56
100,18.85,buy,2024-11-15 10:58:03
500,18.8,sell,2024-11-15 10:58:04
200,18.8,sell,2024-11-15 10:58:04
200,18.8,sell,2024-11-15 10:58:11
100,18.85,buy,2024-11-15 10:58:13
300,18.8,sell,2024-11-15 10:58:15
300,18.8,sell,2024-11-15 10:58:15
100,18.8,sell,2024-11-15 10:58:15
500,18.8,sell,2024-11-15 10:58:15
"3,800",18.8,sell,2024-11-15 10:58:15
300,18.8,sell,2024-11-15 10:58:17
300,18.8,sell,2024-11-15 10:58:19
"3,100",18.8,sell,2024-11-15 10:58:20
200,18.8,sell,2024-11-15 10:58:20
200,18.8,sell,2024-11-15 10:58:20
"1,500",18.8,sell,2024-11-15 10:58:20
"6,000",18.8,sell,2024-11-15 10:58:32
"1,000",18.8,sell,2024-11-15 10:58:33
500,18.8,sell,2024-11-15 10:58:33
700,18.8,sell,2024-11-15 10:58:33
200,18.8,sell,2024-11-15 10:58:33
"1,000",18.8,sell,2024-11-15 10:58:33
100,18.8,sell,2024-11-15 10:58:33
"1,100",18.8,sell,2024-11-15 10:58:33
"1,000",18.8,sell,2024-11-15 10:58:35
200,18.85,buy,2024-11-15 10:58:53
"7,000",18.85,buy,2024-11-15 10:58:57
900,18.8,sell,2024-11-15 10:58:57
"1,100",18.8,sell,2024-11-15 10:58:57
100,18.8,sell,2024-11-15 10:58:58
100,18.85,buy,2024-11-15 10:59:02
200,18.85,buy,2024-11-15 10:59:10
"3,000",18.8,sell,2024-11-15 10:59:32
"1,000",18.8,sell,2024-11-15 10:59:33
"1,200",18.8,sell,2024-11-15 10:59:43
"1,800",18.8,sell,2024-11-15 10:59:43
"3,000",18.8,sell,2024-11-15 10:59:46
"2,700",18.8,sell,2024-11-15 10:59:50
300,18.8,sell,2024-11-15 10:59:50
200,18.8,sell,2024-11-15 10:59:53
100,18.8,sell,2024-11-15 10:59:53
700,18.8,sell,2024-11-15 10:59:53
100,18.85,buy,2024-11-15 11:00:01
600,18.8,sell,2024-11-15 11:00:05
200,18.8,sell,2024-11-15 11:00:08
100,18.8,sell,2024-11-15 11:00:08
100,18.8,sell,2024-11-15 11:00:08
"99,900",18.8,sell,2024-11-15 11:00:12
100,18.8,sell,2024-11-15 11:00:12
500,18.8,sell,2024-11-15 11:00:12
100,18.8,sell,2024-11-15 11:00:13
900,18.8,sell,2024-11-15 11:00:13
100,18.8,sell,2024-11-15 11:00:21
200,18.8,sell,2024-11-15 11:00:33
700,18.8,sell,2024-11-15 11:00:33
300,18.8,sell,2024-11-15 11:00:39
"2,300",18.8,sell,2024-11-15 11:00:39
100,18.8,sell,2024-11-15 11:00:39
"5,300",18.8,sell,2024-11-15 11:00:39
"1,500",18.8,sell,2024-11-15 11:00:39
100,18.8,sell,2024-11-15 11:00:39
100,18.8,sell,2024-11-15 11:00:39
300,18.8,sell,2024-11-15 11:00:39
"1,700",18.8,sell,2024-11-15 11:00:44
"7,500",18.8,sell,2024-11-15 11:00:44
100,18.8,sell,2024-11-15 11:00:44
700,18.8,sell,2024-11-15 11:00:44
"5,000",18.8,sell,2024-11-15 11:00:44
900,18.8,sell,2024-11-15 11:00:46
900,18.8,sell,2024-11-15 11:00:47
100,18.8,sell,2024-11-15 11:00:47
100,18.8,sell,2024-11-15 11:00:47
"18,900",18.8,sell,2024-11-15 11:00:47
"1,000",18.8,sell,2024-11-15 11:00:52
"2,600",18.8,sell,2024-11-15 11:00:59
"7,700",18.8,sell,2024-11-15 11:00:59
200,18.8,sell,2024-11-15 11:01:05
"1,000",18.8,sell,2024-11-15 11:01:12
"13,600",18.8,sell,2024-11-15 11:01:12
"6,400",18.8,sell,2024-11-15 11:01:12
"1,000",18.8,sell,2024-11-15 11:01:17
500,18.8,sell,2024-11-15 11:01:24
100,18.8,sell,2024-11-15 11:01:30
900,18.8,sell,2024-11-15 11:01:31
"8,000",18.8,sell,2024-11-15 11:01:36
"1,000",18.8,sell,2024-11-15 11:01:46
"1,000",18.8,sell,2024-11-15 11:01:51
"3,600",18.8,sell,2024-11-15 11:02:01
"6,400",18.8,sell,2024-11-15 11:02:01
100,18.85,buy,2024-11-15 11:02:04
100,18.8,sell,2024-11-15 11:02:04
"1,000",18.8,sell,2024-11-15 11:02:08
"7,500",18.8,sell,2024-11-15 11:02:08
100,18.8,sell,2024-11-15 11:02:08
500,18.8,sell,2024-11-15 11:02:08
500,18.8,sell,2024-11-15 11:02:08
500,18.8,sell,2024-11-15 11:02:08
100,18.8,sell,2024-11-15 11:02:08
"7,500",18.8,sell,2024-11-15 11:02:08
"2,300",18.8,sell,2024-11-15 11:02:08
"1,000",18.8,sell,2024-11-15 11:02:10
"1,700",18.8,sell,2024-11-15 11:02:15
400,18.8,sell,2024-11-15 11:02:15
200,18.8,sell,2024-11-15 11:02:15
"1,200",18.8,sell,2024-11-15 11:02:15
200,18.8,sell,2024-11-15 11:02:15
"1,700",18.8,sell,2024-11-15 11:02:15
300,18.8,sell,2024-11-15 11:02:15
"7,500",18.8,sell,2024-11-15 11:02:15
100,18.8,sell,2024-11-15 11:02:15
900,18.8,sell,2024-11-15 11:02:15
300,18.8,sell,2024-11-15 11:02:15
300,18.8,sell,2024-11-15 11:02:15
"5,100",18.8,sell,2024-11-15 11:02:15
100,18.8,sell,2024-11-15 11:02:15
"20,000",18.8,sell,2024-11-15 11:02:24
"20,000",18.8,sell,2024-11-15 11:02:25
100,18.8,sell,2024-11-15 11:02:29
900,18.8,sell,2024-11-15 11:02:30
"2,600",18.8,sell,2024-11-15 11:02:32
200,18.85,buy,2024-11-15 11:02:32
"10,000",18.8,sell,2024-11-15 11:02:35
"3,000",18.8,sell,2024-11-15 11:02:36
500,18.8,sell,2024-11-15 11:02:38
"1,000",18.8,sell,2024-11-15 11:02:50
"1,000",18.8,sell,2024-11-15 11:03:01
100,18.85,buy,2024-11-15 11:03:01
"50,000",18.8,sell,2024-11-15 11:03:03
"1,000",18.8,sell,2024-11-15 11:03:08
"1,000",18.8,sell,2024-11-15 11:03:09
"10,000",18.8,sell,2024-11-15 11:03:09
"10,000",18.8,sell,2024-11-15 11:03:10
100,18.8,sell,2024-11-15 11:03:11
"17,100",18.8,sell,2024-11-15 11:03:12
"1,600",18.8,sell,2024-11-15 11:03:12
"1,000",18.8,sell,2024-11-15 11:03:12
100,18.8,sell,2024-11-15 11:03:12
200,18.8,sell,2024-11-15 11:03:12
200,18.8,sell,2024-11-15 11:03:12
100,18.8,sell,2024-11-15 11:03:12
"1,700",18.8,sell,2024-11-15 11:03:12
400,18.8,sell,2024-11-15 11:03:17
400,18.8,sell,2024-11-15 11:03:21
500,18.8,sell,2024-11-15 11:03:21
"1,500",18.8,sell,2024-11-15 11:03:21
600,18.8,sell,2024-11-15 11:03:21
"1,400",18.8,sell,2024-11-15 11:03:22
100,18.8,sell,2024-11-15 11:03:22
"3,700",18.8,sell,2024-11-15 11:03:22
300,18.8,sell,2024-11-15 11:03:22
800,18.8,sell,2024-11-15 11:03:22
100,18.8,sell,2024-11-15 11:03:22
"4,700",18.8,sell,2024-11-15 11:03:22
"2,700",18.8,sell,2024-11-15 11:03:22
800,18.8,buy,2024-11-15 11:03:31
"51,200",18.8,buy,2024-11-15 11:03:32
100,18.8,buy,2024-11-15 11:03:32
"1,000",18.8,buy,2024-11-15 11:03:32
"2,000",18.8,buy,2024-11-15 11:03:32
100,18.8,sell,2024-11-15 11:03:32
900,18.8,sell,2024-11-15 11:03:48
500,18.8,sell,2024-11-15 11:03:52
"2,200",18.8,sell,2024-11-15 11:03:52
200,18.8,sell,2024-11-15 11:03:53
"1,200",18.8,sell,2024-11-15 11:03:57
300,18.8,sell,2024-11-15 11:04:01
"40,300",18.8,sell,2024-11-15 11:04:03
"2,700",18.8,sell,2024-11-15 11:04:03
"1,000",18.8,sell,2024-11-15 11:04:03
200,18.8,sell,2024-11-15 11:04:03
"5,800",18.8,sell,2024-11-15 11:04:03
"5,000",18.8,sell,2024-11-15 11:04:04
"2,000",18.8,sell,2024-11-15 11:04:04
"3,000",18.8,sell,2024-11-15 11:04:06
"1,000",18.8,sell,2024-11-15 11:04:08
"50,000",18.8,sell,2024-11-15 11:04:09
"3,000",18.8,sell,2024-11-15 11:04:11
"1,000",18.8,sell,2024-11-15 11:04:18
100,18.8,sell,2024-11-15 11:04:19
400,18.8,sell,2024-11-15 11:04:22
"1,000",18.8,sell,2024-11-15 11:04:27
"9,000",18.8,sell,2024-11-15 11:04:30
"10,000",18.8,sell,2024-11-15 11:04:46
900,18.8,sell,2024-11-15 11:04:47
900,18.8,sell,2024-11-15 11:04:47
"6,900",18.8,sell,2024-11-15 11:04:48
"1,100",18.8,sell,2024-11-15 11:04:48
"3,000",18.8,sell,2024-11-15 11:04:50
"3,000",18.8,sell,2024-11-15 11:04:55
"1,000",18.8,sell,2024-11-15 11:05:07
800,18.8,sell,2024-11-15 11:05:13
"3,000",18.8,sell,2024-11-15 11:05:15
900,18.8,sell,2024-11-15 11:05:18
"1,000",18.8,sell,2024-11-15 11:05:26
"4,400",18.8,sell,2024-11-15 11:05:26
"2,000",18.8,sell,2024-11-15 11:05:29
900,18.8,sell,2024-11-15 11:05:46
"37,900",18.8,sell,2024-11-15 11:05:48
"10,000",18.8,sell,2024-11-15 11:05:48
"9,000",18.8,sell,2024-11-15 11:05:48
"5,000",18.8,sell,2024-11-15 11:05:48
"1,500",18.8,sell,2024-11-15 11:05:48
"5,700",18.8,sell,2024-11-15 11:05:48
500,18.8,sell,2024-11-15 11:05:48
200,18.8,sell,2024-11-15 11:05:48
200,18.8,sell,2024-11-15 11:05:48
"1,200",18.8,sell,2024-11-15 11:05:49
"8,000",18.8,sell,2024-11-15 11:05:49
500,18.8,sell,2024-11-15 11:05:49
500,18.8,sell,2024-11-15 11:05:49
100,18.8,sell,2024-11-15 11:05:49
"5,000",18.8,sell,2024-11-15 11:05:49
500,18.8,sell,2024-11-15 11:05:49
100,18.8,sell,2024-11-15 11:05:49
"4,300",18.8,buy,2024-11-15 11:06:00
"24,800",18.8,buy,2024-11-15 11:06:03
"2,000",18.8,buy,2024-11-15 11:06:03
"10,000",18.8,buy,2024-11-15 11:06:03
"10,000",18.8,buy,2024-11-15 11:06:03
200,18.8,buy,2024-11-15 11:06:03
"1,000",18.8,sell,2024-11-15 11:06:05
200,18.85,buy,2024-11-15 11:06:10
"2,000",18.8,sell,2024-11-15 11:06:11
"5,000",18.8,sell,2024-11-15 11:06:16
"10,000",18.8,sell,2024-11-15 11:06:18
"1,000",18.8,sell,2024-11-15 11:06:21
"1,000",18.8,sell,2024-11-15 11:06:24
"7,000",18.8,sell,2024-11-15 11:06:36
"1,000",18.8,sell,2024-11-15 11:06:45
"1,000",18.8,sell,2024-11-15 11:06:47
"1,100",18.8,sell,2024-11-15 11:06:51
100,18.8,sell,2024-11-15 11:06:57
400,18.8,sell,2024-11-15 11:06:58
900,18.8,sell,2024-11-15 11:07:04
"2,200",18.8,sell,2024-11-15 11:07:05
"2,000",18.8,sell,2024-11-15 11:07:07
"4,800",18.8,sell,2024-11-15 11:07:08
"7,000",18.8,sell,2024-11-15 11:07:13
"2,000",18.8,sell,2024-11-15 11:07:16
"3,000",18.8,sell,2024-11-15 11:07:17
"3,500",18.8,sell,2024-11-15 11:07:17
100,18.8,sell,2024-11-15 11:07:17
100,18.8,sell,2024-11-15 11:07:17
"2,700",18.8,sell,2024-11-15 11:07:17
"1,000",18.8,sell,2024-11-15 11:07:17
"2,600",18.8,sell,2024-11-15 11:07:17
400,18.8,sell,2024-11-15 11:07:21
100,18.8,sell,2024-11-15 11:07:21
"3,000",18.8,sell,2024-11-15 11:07:22
"1,000",18.8,sell,2024-11-15 11:07:24
"4,000",18.8,sell,2024-11-15 11:07:25
"14,400",18.8,sell,2024-11-15 11:07:28
"1,000",18.8,sell,2024-11-15 11:07:28
800,18.8,sell,2024-11-15 11:07:28
"3,800",18.8,sell,2024-11-15 11:07:28
"1,200",18.8,sell,2024-11-15 11:07:30
800,18.8,sell,2024-11-15 11:07:30
"20,000",18.8,sell,2024-11-15 11:07:31
"1,700",18.8,sell,2024-11-15 11:07:32
100,18.8,sell,2024-11-15 11:07:32
200,18.8,sell,2024-11-15 11:07:32
"20,000",18.8,sell,2024-11-15 11:07:35
"2,300",18.8,sell,2024-11-15 11:07:38
"10,000",18.8,sell,2024-11-15 11:07:38
400,18.8,sell,2024-11-15 11:07:38
100,18.8,sell,2024-11-15 11:07:38
100,18.8,sell,2024-11-15 11:07:38
200,18.8,sell,2024-11-15 11:07:38
"5,000",18.8,sell,2024-11-15 11:07:38
800,18.8,sell,2024-11-15 11:07:38
100,18.8,sell,2024-11-15 11:07:38
"2,100",18.8,sell,2024-11-15 11:07:38
"20,000",18.8,buy,2024-11-15 11:07:39
"1,500",18.8,buy,2024-11-15 11:07:45
"4,300",18.8,buy,2024-11-15 11:07:45
100,18.75,sell,2024-11-15 11:07:48
700,18.75,sell,2024-11-15 11:07:48
200,18.75,sell,2024-11-15 11:07:48
200,18.75,sell,2024-11-15 11:07:49
"5,000",18.8,buy,2024-11-15 11:07:59
500,18.8,buy,2024-11-15 11:08:00
"5,000",18.8,buy,2024-11-15 11:08:01
"5,000",18.8,buy,2024-11-15 11:08:03
500,18.8,buy,2024-11-15 11:08:15
"10,000",18.75,sell,2024-11-15 11:08:45
100,18.75,sell,2024-11-15 11:08:45
"1,700",18.75,sell,2024-11-15 11:08:45
200,18.75,sell,2024-11-15 11:08:45
300,18.75,sell,2024-11-15 11:08:45
100,18.75,sell,2024-11-15 11:08:45
100,18.75,sell,2024-11-15 11:08:45
100,18.75,sell,2024-11-15 11:08:45
200,18.75,sell,2024-11-15 11:08:45
200,18.75,sell,2024-11-15 11:08:45
100,18.75,sell,2024-11-15 11:08:45
300,18.75,sell,2024-11-15 11:08:45
200,18.75,sell,2024-11-15 11:08:45
100,18.75,sell,2024-11-15 11:08:45
100,18.75,sell,2024-11-15 11:08:45
300,18.75,sell,2024-11-15 11:08:45
"1,000",18.75,sell,2024-11-15 11:08:45
"6,600",18.75,sell,2024-11-15 11:08:45
"3,000",18.75,sell,2024-11-15 11:08:45
300,18.75,sell,2024-11-15 11:08:45
900,18.75,sell,2024-11-15 11:09:02
200,18.75,sell,2024-11-15 11:09:04
500,18.75,sell,2024-11-15 11:09:04
100,18.8,buy,2024-11-15 11:09:06
"8,000",18.8,buy,2024-11-15 11:09:16
100,18.8,buy,2024-11-15 11:09:20
500,18.8,buy,2024-11-15 11:09:22
300,18.75,sell,2024-11-15 11:09:27
"1,000",18.8,buy,2024-11-15 11:09:30
"10,000",18.8,buy,2024-11-15 11:09:47
"17,400",18.8,buy,2024-11-15 11:09:49
"1,000",18.8,buy,2024-11-15 11:09:49
"4,100",18.8,buy,2024-11-15 11:09:49
200,18.8,buy,2024-11-15 11:09:50
"5,700",18.8,buy,2024-11-15 11:09:56
500,18.8,buy,2024-11-15 11:09:56
"10,000",18.8,buy,2024-11-15 11:09:56
"6,300",18.8,buy,2024-11-15 11:09:56
"2,700",18.8,buy,2024-11-15 11:10:00
100,18.8,buy,2024-11-15 11:10:15
500,18.8,buy,2024-11-15 11:10:48
"5,000",18.8,buy,2024-11-15 11:11:10
200,18.8,buy,2024-11-15 11:11:13
100,18.8,buy,2024-11-15 11:11:14
"2,000",18.8,buy,2024-11-15 11:11:14
300,18.8,buy,2024-11-15 11:11:15
"1,000",18.8,buy,2024-11-15 11:11:34
"2,500",18.75,sell,2024-11-15 11:11:38
"1,000",18.75,sell,2024-11-15 11:11:58
"4,300",18.75,sell,2024-11-15 11:12:04
200,18.75,sell,2024-11-15 11:12:04
100,18.75,sell,2024-11-15 11:12:04
"1,000",18.75,sell,2024-11-15 11:12:04
"1,000",18.75,sell,2024-11-15 11:12:04
100,18.75,sell,2024-11-15 11:12:04
500,18.75,sell,2024-11-15 11:12:04
200,18.75,sell,2024-11-15 11:12:04
100,18.75,sell,2024-11-15 11:12:04
400,18.75,sell,2024-11-15 11:12:04
100,18.75,sell,2024-11-15 11:12:06
100,18.75,sell,2024-11-15 11:12:06
100,18.75,sell,2024-11-15 11:12:06
"7,600",18.75,sell,2024-11-15 11:12:06
900,18.75,sell,2024-11-15 11:12:17
"1,000",18.75,sell,2024-11-15 11:12:37
500,18.75,sell,2024-11-15 11:12:40
200,18.75,sell,2024-11-15 11:12:40
"1,300",18.75,sell,2024-11-15 11:12:40
"1,700",18.75,sell,2024-11-15 11:12:45
"8,300",18.75,sell,2024-11-15 11:12:45
"1,800",18.8,buy,2024-11-15 11:12:51
500,18.8,buy,2024-11-15 11:12:51
400,18.8,buy,2024-11-15 11:12:51
900,18.8,buy,2024-11-15 11:12:51
"2,400",18.8,buy,2024-11-15 11:12:51
300,18.8,buy,2024-11-15 11:13:00
"1,700",18.75,sell,2024-11-15 11:13:06
"10,000",18.75,sell,2024-11-15 11:13:06
"2,000",18.75,sell,2024-11-15 11:13:06
"5,700",18.75,sell,2024-11-15 11:13:06
500,18.75,sell,2024-11-15 11:13:06
"5,000",18.75,sell,2024-11-15 11:13:06
100,18.75,sell,2024-11-15 11:13:06
"1,000",18.75,sell,2024-11-15 11:13:06
100,18.75,sell,2024-11-15 11:13:06
100,18.75,sell,2024-11-15 11:13:06
500,18.75,sell,2024-11-15 11:13:06
100,18.75,sell,2024-11-15 11:13:06
"1,000",18.75,sell,2024-11-15 11:13:16
"2,000",18.75,sell,2024-11-15 11:13:19
200,18.8,buy,2024-11-15 11:13:28
100,18.8,buy,2024-11-15 11:13:30
"3,000",18.8,buy,2024-11-15 11:13:36
100,18.8,buy,2024-11-15 11:13:45
"3,000",18.8,buy,2024-11-15 11:14:04
100,18.8,buy,2024-11-15 11:14:15
400,18.8,buy,2024-11-15 11:14:34
"1,300",18.75,sell,2024-11-15 11:14:37
700,18.75,sell,2024-11-15 11:14:37
100,18.8,buy,2024-11-15 11:14:38
500,18.75,sell,2024-11-15 11:14:43
"7,900",18.75,sell,2024-11-15 11:14:51
900,18.75,sell,2024-11-15 11:14:53
100,18.75,sell,2024-11-15 11:14:53
200,18.75,sell,2024-11-15 11:14:53
"1,000",18.75,sell,2024-11-15 11:14:53
"5,700",18.75,sell,2024-11-15 11:14:53
"1,000",18.75,sell,2024-11-15 11:14:54
"1,000",18.8,buy,2024-11-15 11:14:54
"1,000",18.75,sell,2024-11-15 11:14:56
900,18.75,sell,2024-11-15 11:15:02
"1,000",18.75,sell,2024-11-15 11:15:02
400,18.75,sell,2024-11-15 11:15:12
100,18.75,sell,2024-11-15 11:15:12
100,18.75,sell,2024-11-15 11:15:12
100,18.75,sell,2024-11-15 11:15:12
100,18.75,sell,2024-11-15 11:15:12
300,18.75,sell,2024-11-15 11:15:14
100,18.75,sell,2024-11-15 11:15:14
600,18.75,sell,2024-11-15 11:15:14
500,18.8,buy,2024-11-15 11:15:22
"2,000",18.75,sell,2024-11-15 11:15:39
"2,400",18.75,sell,2024-11-15 11:15:49
300,18.75,sell,2024-11-15 11:15:50
500,18.8,buy,2024-11-15 11:15:51
100,18.8,buy,2024-11-15 11:16:00
100,18.75,sell,2024-11-15 11:16:06
900,18.75,sell,2024-11-15 11:16:06
"1,000",18.8,buy,2024-11-15 11:16:08
100,18.8,buy,2024-11-15 11:16:08
100,18.8,buy,2024-11-15 11:16:15
"8,500",18.8,buy,2024-11-15 11:16:29
300,18.8,buy,2024-11-15 11:16:29
"25,000",18.8,buy,2024-11-15 11:16:29
"2,200",18.8,buy,2024-11-15 11:16:29
"2,000",18.8,buy,2024-11-15 11:16:29
400,18.8,buy,2024-11-15 11:16:29
"1,000",18.8,buy,2024-11-15 11:16:29
"3,000",18.8,buy,2024-11-15 11:16:29
"1,000",18.8,buy,2024-11-15 11:16:29
100,18.8,buy,2024-11-15 11:16:29
"1,000",18.8,buy,2024-11-15 11:16:29
"1,500",18.8,buy,2024-11-15 11:16:29
"1,000",18.8,buy,2024-11-15 11:16:29
"1,900",18.8,buy,2024-11-15 11:16:29
900,18.8,buy,2024-11-15 11:16:29
200,18.8,buy,2024-11-15 11:16:29
"2,500",18.8,buy,2024-11-15 11:16:30
100,18.8,buy,2024-11-15 11:16:39
100,18.8,buy,2024-11-15 11:16:45
"1,800",18.75,sell,2024-11-15 11:16:53
300,18.75,sell,2024-11-15 11:16:59
100,18.75,sell,2024-11-15 11:16:59
100,18.75,sell,2024-11-15 11:16:59
500,18.75,sell,2024-11-15 11:16:59
"1,300",18.75,sell,2024-11-15 11:16:59
"6,000",18.75,sell,2024-11-15 11:16:59
200,18.75,sell,2024-11-15 11:16:59
200,18.75,sell,2024-11-15 11:16:59
100,18.75,sell,2024-11-15 11:16:59
200,18.75,sell,2024-11-15 11:16:59
200,18.75,sell,2024-11-15 11:16:59
"7,900",18.75,sell,2024-11-15 11:17:01
200,18.8,buy,2024-11-15 11:17:07
"22,500",18.8,buy,2024-11-15 11:17:10
"1,500",18.8,buy,2024-11-15 11:17:15
"1,600",18.75,sell,2024-11-15 11:17:15
100,18.75,sell,2024-11-15 11:17:15
100,18.75,sell,2024-11-15 11:17:15
100,18.75,sell,2024-11-15 11:17:15
100,18.75,sell,2024-11-15 11:17:15
"14,600",18.8,buy,2024-11-15 11:17:16
200,18.8,buy,2024-11-15 11:17:16
"1,000",18.8,buy,2024-11-15 11:17:16
"6,700",18.8,buy,2024-11-15 11:17:16
"22,500",18.8,buy,2024-11-15 11:17:23
"2,400",18.8,buy,2024-11-15 11:17:30
"2,500",18.75,sell,2024-11-15 11:17:37
100,18.8,buy,2024-11-15 11:17:46
"1,000",18.75,sell,2024-11-15 11:17:47
900,18.75,sell,2024-11-15 11:17:50
200,18.8,buy,2024-11-15 11:18:04
"1,100",18.75,sell,2024-11-15 11:18:10
"1,000",18.75,sell,2024-11-15 11:18:13
"1,800",18.75,sell,2024-11-15 11:18:28
"1,000",18.75,sell,2024-11-15 11:18:29
"6,000",18.75,sell,2024-11-15 11:18:39
"1,000",18.75,sell,2024-11-15 11:18:41
"3,800",18.75,sell,2024-11-15 11:18:46
100,18.75,sell,2024-11-15 11:18:46
"2,000",18.75,sell,2024-11-15 11:18:46
500,18.75,sell,2024-11-15 11:18:46
100,18.75,sell,2024-11-15 11:18:46
"5,000",18.75,sell,2024-11-15 11:18:46
"5,200",18.75,sell,2024-11-15 11:18:46
500,18.75,sell,2024-11-15 11:18:46
"1,000",18.75,sell,2024-11-15 11:18:46
"1,000",18.75,sell,2024-11-15 11:18:46
"3,700",18.75,sell,2024-11-15 11:18:46
500,18.75,sell,2024-11-15 11:18:46
100,18.75,sell,2024-11-15 11:18:46
100,18.75,sell,2024-11-15 11:18:46
"10,000",18.75,sell,2024-11-15 11:18:46
200,18.75,sell,2024-11-15 11:18:46
100,18.75,sell,2024-11-15 11:18:46
500,18.75,sell,2024-11-15 11:18:46
"2,000",18.75,sell,2024-11-15 11:18:46
100,18.75,sell,2024-11-15 11:18:46
"1,000",18.75,sell,2024-11-15 11:18:46
200,18.75,sell,2024-11-15 11:18:49
100,18.75,sell,2024-11-15 11:18:49
100,18.75,sell,2024-11-15 11:18:49
100,18.75,sell,2024-11-15 11:18:49
100,18.75,sell,2024-11-15 11:18:49
100,18.75,sell,2024-11-15 11:18:49
300,18.75,sell,2024-11-15 11:18:49
"1,200",18.75,sell,2024-11-15 11:18:51
"1,000",18.75,sell,2024-11-15 11:18:51
"5,000",18.75,sell,2024-11-15 11:18:51
100,18.75,sell,2024-11-15 11:18:51
"2,000",18.75,sell,2024-11-15 11:18:51
"6,000",18.75,sell,2024-11-15 11:18:51
"1,000",18.75,sell,2024-11-15 11:18:51
"1,000",18.75,sell,2024-11-15 11:18:51
100,18.75,sell,2024-11-15 11:18:51
100,18.75,sell,2024-11-15 11:18:51
"2,000",18.75,sell,2024-11-15 11:18:51
"10,000",18.75,sell,2024-11-15 11:18:51
100,18.75,sell,2024-11-15 11:18:51
100,18.75,sell,2024-11-15 11:18:51
200,18.75,sell,2024-11-15 11:18:51
"8,000",18.75,sell,2024-11-15 11:18:51
"1,000",18.75,sell,2024-11-15 11:18:51
"1,000",18.75,sell,2024-11-15 11:18:51
"1,000",18.75,sell,2024-11-15 11:18:51
100,18.75,sell,2024-11-15 11:18:51
"3,000",18.75,sell,2024-11-15 11:18:55
"1,000",18.75,sell,2024-11-15 11:18:58
"1,500",18.75,sell,2024-11-15 11:18:58
"3,000",18.75,sell,2024-11-15 11:19:08
900,18.75,sell,2024-11-15 11:19:09
"3,000",18.75,sell,2024-11-15 11:19:13
300,18.75,sell,2024-11-15 11:19:14
"1,300",18.75,sell,2024-11-15 11:19:17
500,18.75,sell,2024-11-15 11:19:17
500,18.75,sell,2024-11-15 11:19:17
100,18.75,sell,2024-11-15 11:19:17
100,18.75,sell,2024-11-15 11:19:17
500,18.75,sell,2024-11-15 11:19:17
"9,500",18.75,sell,2024-11-15 11:19:20
300,18.75,sell,2024-11-15 11:19:20
200,18.75,sell,2024-11-15 11:19:20
"1,000",18.75,sell,2024-11-15 11:19:22
300,18.75,sell,2024-11-15 11:19:22
500,18.75,sell,2024-11-15 11:19:22
100,18.75,sell,2024-11-15 11:19:22
100,18.75,sell,2024-11-15 11:19:23
"1,000",18.75,sell,2024-11-15 11:19:23
100,18.75,sell,2024-11-15 11:19:23
"3,000",18.75,sell,2024-11-15 11:19:27
900,18.75,sell,2024-11-15 11:19:28
100,18.75,sell,2024-11-15 11:19:28
100,18.8,buy,2024-11-15 11:19:32
200,18.75,sell,2024-11-15 11:19:34
"1,600",18.75,sell,2024-11-15 11:19:34
400,18.75,sell,2024-11-15 11:19:37
600,18.75,sell,2024-11-15 11:19:37
400,18.75,sell,2024-11-15 11:19:38
100,18.75,sell,2024-11-15 11:19:38
"1,000",18.75,sell,2024-11-15 11:19:38
500,18.75,sell,2024-11-15 11:19:38
100,18.75,sell,2024-11-15 11:19:38
100,18.75,sell,2024-11-15 11:19:38
"5,700",18.75,sell,2024-11-15 11:19:38
"7,900",18.75,sell,2024-11-15 11:19:42
"7,900",18.75,sell,2024-11-15 11:19:45
600,18.75,sell,2024-11-15 11:19:45
"1,000",18.75,sell,2024-11-15 11:19:48
"7,900",18.75,sell,2024-11-15 11:19:49
"3,000",18.75,sell,2024-11-15 11:19:52
"66,000",18.75,sell,2024-11-15 11:19:53
"54,000",18.75,sell,2024-11-15 11:19:53
"3,000",18.75,sell,2024-11-15 11:19:55
"6,000",18.75,sell,2024-11-15 11:19:57
"3,000",18.75,sell,2024-11-15 11:20:01
"2,000",18.75,sell,2024-11-15 11:20:01
"10,000",18.75,sell,2024-11-15 11:20:05
900,18.75,sell,2024-11-15 11:20:07
100,18.8,buy,2024-11-15 11:20:13
"21,100",18.75,sell,2024-11-15 11:20:18
200,18.75,sell,2024-11-15 11:20:18
500,18.75,sell,2024-11-15 11:20:18
"5,000",18.75,sell,2024-11-15 11:20:18
"23,200",18.75,sell,2024-11-15 11:20:18
"3,000",18.75,sell,2024-11-15 11:20:25
"1,000",18.75,sell,2024-11-15 11:20:27
"3,000",18.75,sell,2024-11-15 11:20:29
"3,000",18.75,sell,2024-11-15 11:20:32
"16,800",18.75,sell,2024-11-15 11:20:35
500,18.75,sell,2024-11-15 11:20:35
500,18.75,sell,2024-11-15 11:20:35
"10,000",18.75,sell,2024-11-15 11:20:35
"10,000",18.75,sell,2024-11-15 11:20:35
100,18.75,sell,2024-11-15 11:20:35
100,18.75,sell,2024-11-15 11:20:35
"5,000",18.75,sell,2024-11-15 11:20:35
500,18.75,sell,2024-11-15 11:20:35
100,18.75,sell,2024-11-15 11:20:35
300,18.75,sell,2024-11-15 11:20:35
500,18.75,sell,2024-11-15 11:20:35
400,18.75,sell,2024-11-15 11:20:35
100,18.75,sell,2024-11-15 11:20:35
100,18.75,sell,2024-11-15 11:20:35
"5,000",18.75,sell,2024-11-15 11:20:35
"2,300",18.75,sell,2024-11-15 11:20:44
"1,000",18.75,sell,2024-11-15 11:20:46
200,18.8,buy,2024-11-15 11:20:46
700,18.75,sell,2024-11-15 11:20:47
"1,000",18.75,sell,2024-11-15 11:20:47
200,18.75,sell,2024-11-15 11:20:47
100,18.75,sell,2024-11-15 11:20:47
700,18.75,sell,2024-11-15 11:20:47
100,18.75,sell,2024-11-15 11:20:47
"4,200",18.75,sell,2024-11-15 11:20:49
500,18.75,sell,2024-11-15 11:20:49
300,18.75,sell,2024-11-15 11:20:49
700,18.75,sell,2024-11-15 11:20:50
300,18.75,sell,2024-11-15 11:20:50
500,18.75,sell,2024-11-15 11:20:50
"1,000",18.75,sell,2024-11-15 11:20:50
100,18.75,sell,2024-11-15 11:20:55
"7,900",18.75,sell,2024-11-15 11:20:55
"2,000",18.75,sell,2024-11-15 11:21:00
100,18.75,sell,2024-11-15 11:21:00
"1,000",18.75,sell,2024-11-15 11:21:00
200,18.75,sell,2024-11-15 11:21:00
300,18.75,sell,2024-11-15 11:21:02
"1,200",18.75,sell,2024-11-15 11:21:02
500,18.75,sell,2024-11-15 11:21:02
900,18.75,sell,2024-11-15 11:21:06
"3,600",18.75,sell,2024-11-15 11:21:06
100,18.75,sell,2024-11-15 11:21:06
300,18.75,sell,2024-11-15 11:21:06
100,18.75,sell,2024-11-15 11:21:20
100,18.75,sell,2024-11-15 11:21:20
"7,500",18.75,sell,2024-11-15 11:21:20
100,18.75,sell,2024-11-15 11:21:20
"2,200",18.75,sell,2024-11-15 11:21:20
500,18.8,buy,2024-11-15 11:21:23
100,18.75,sell,2024-11-15 11:21:27
"5,200",18.75,sell,2024-11-15 11:21:30
"4,800",18.75,sell,2024-11-15 11:21:30
"1,800",18.75,sell,2024-11-15 11:21:41
900,18.75,sell,2024-11-15 11:21:45
100,18.75,sell,2024-11-15 11:21:45
100,18.75,sell,2024-11-15 11:21:52
"1,800",18.75,sell,2024-11-15 11:21:54
500,18.75,sell,2024-11-15 11:21:54
"1,200",18.75,sell,2024-11-15 11:21:57
800,18.75,sell,2024-11-15 11:21:57
100,18.75,sell,2024-11-15 11:22:02
"1,000",18.75,sell,2024-11-15 11:22:05
100,18.8,buy,2024-11-15 11:22:07
"3,000",18.75,sell,2024-11-15 11:22:08
100,18.75,sell,2024-11-15 11:22:15
100,18.75,sell,2024-11-15 11:22:15
100,18.75,sell,2024-11-15 11:22:15
"3,000",18.75,sell,2024-11-15 11:22:15
"7,500",18.75,sell,2024-11-15 11:22:15
"2,800",18.75,sell,2024-11-15 11:22:15
100,18.8,buy,2024-11-15 11:22:17
"17,000",18.8,buy,2024-11-15 11:22:33
400,18.8,buy,2024-11-15 11:22:33
"3,000",18.75,sell,2024-11-15 11:22:36
"2,000",18.75,sell,2024-11-15 11:22:39
"1,800",18.75,sell,2024-11-15 11:22:43
"1,000",18.75,sell,2024-11-15 11:22:44
"2,000",18.75,sell,2024-11-15 11:22:49
"1,000",18.75,sell,2024-11-15 11:23:03
100,18.8,buy,2024-11-15 11:23:08
"18,000",18.75,sell,2024-11-15 11:23:09
"1,000",18.75,sell,2024-11-15 11:23:11
200,18.75,sell,2024-11-15 11:23:12
900,18.75,sell,2024-11-15 11:23:23
500,18.75,sell,2024-11-15 11:23:27
300,18.75,sell,2024-11-15 11:23:29
100,18.8,buy,2024-11-15 11:23:30
"40,000",18.75,sell,2024-11-15 11:23:31
"1,000",18.75,sell,2024-11-15 11:23:36
"26,900",18.75,sell,2024-11-15 11:23:38
"1,000",18.75,sell,2024-11-15 11:23:43
100,18.8,buy,2024-11-15 11:23:45
"24,000",18.75,sell,2024-11-15 11:23:47
600,18.8,buy,2024-11-15 11:23:47
500,18.75,sell,2024-11-15 11:23:48
100,18.8,buy,2024-11-15 11:23:56
"22,100",18.75,sell,2024-11-15 11:24:12
700,18.75,sell,2024-11-15 11:24:12
"3,800",18.75,sell,2024-11-15 11:24:13
"3,700",18.75,sell,2024-11-15 11:24:17
600,18.75,sell,2024-11-15 11:24:17
100,18.75,sell,2024-11-15 11:24:17
200,18.75,sell,2024-11-15 11:24:17
"1,300",18.75,sell,2024-11-15 11:24:17
"5,000",18.75,sell,2024-11-15 11:24:17
"4,800",18.75,sell,2024-11-15 11:24:17
100,18.75,sell,2024-11-15 11:24:17
200,18.75,sell,2024-11-15 11:24:22
700,18.75,sell,2024-11-15 11:24:22
200,18.8,buy,2024-11-15 11:24:25
200,18.75,sell,2024-11-15 11:24:30
"2,000",18.75,sell,2024-11-15 11:24:30
500,18.75,sell,2024-11-15 11:24:30
100,18.75,sell,2024-11-15 11:24:30
"5,000",18.75,sell,2024-11-15 11:24:30
300,18.75,sell,2024-11-15 11:24:30
100,18.75,sell,2024-11-15 11:24:30
300,18.75,sell,2024-11-15 11:24:30
500,18.75,sell,2024-11-15 11:24:30
"111,000",18.75,sell,2024-11-15 11:24:30
500,18.75,sell,2024-11-15 11:24:38
"1,000",18.75,sell,2024-11-15 11:24:41
"9,500",18.75,sell,2024-11-15 11:24:44
"5,000",18.75,sell,2024-11-15 11:24:50
"1,000",18.75,sell,2024-11-15 11:25:01
"1,000",18.75,sell,2024-11-15 11:25:07
"1,000",18.75,sell,2024-11-15 11:25:21
"2,000",18.75,sell,2024-11-15 11:25:27
"5,000",18.75,sell,2024-11-15 11:25:37
900,18.75,sell,2024-11-15 11:25:40
"5,000",18.75,sell,2024-11-15 11:25:40
"7,100",18.75,sell,2024-11-15 11:25:47
"2,900",18.75,sell,2024-11-15 11:25:47
"4,600",18.75,sell,2024-11-15 11:25:48
100,18.75,sell,2024-11-15 11:25:48
100,18.75,sell,2024-11-15 11:25:48
200,18.75,sell,2024-11-15 11:25:48
100,18.75,sell,2024-11-15 11:26:00
500,18.75,sell,2024-11-15 11:26:00
100,18.75,sell,2024-11-15 11:26:00
300,18.75,sell,2024-11-15 11:26:00
100,18.8,buy,2024-11-15 11:26:01
"7,300",18.8,buy,2024-11-15 11:26:18
200,18.8,buy,2024-11-15 11:26:18
"6,800",18.8,buy,2024-11-15 11:26:20
500,18.8,buy,2024-11-15 11:26:20
200,18.8,buy,2024-11-15 11:26:20
"7,500",18.8,buy,2024-11-15 11:26:21
900,18.8,buy,2024-11-15 11:26:22
"1,000",18.8,buy,2024-11-15 11:26:22
100,18.8,buy,2024-11-15 11:26:22
900,18.8,buy,2024-11-15 11:26:22
500,18.8,buy,2024-11-15 11:26:22
200,18.8,buy,2024-11-15 11:26:22
"3,000",18.8,buy,2024-11-15 11:26:22
200,18.8,buy,2024-11-15 11:26:22
100,18.8,buy,2024-11-15 11:26:22
300,18.8,buy,2024-11-15 11:26:22
400,18.8,buy,2024-11-15 11:26:22
500,18.8,buy,2024-11-15 11:26:22
200,18.8,buy,2024-11-15 11:26:22
"1,000",18.8,buy,2024-11-15 11:26:22
"1,000",18.8,buy,2024-11-15 11:26:22
"2,500",18.8,buy,2024-11-15 11:26:22
300,18.8,buy,2024-11-15 11:26:22
"1,000",18.8,buy,2024-11-15 11:26:22
200,18.8,buy,2024-11-15 11:26:22
100,18.8,buy,2024-11-15 11:26:22
100,18.8,buy,2024-11-15 11:26:22
500,18.8,buy,2024-11-15 11:26:22
"1,700",18.75,sell,2024-11-15 11:26:31
300,18.75,sell,2024-11-15 11:26:31
300,18.8,buy,2024-11-15 11:26:32
200,18.8,buy,2024-11-15 11:26:46
"1,800",18.8,buy,2024-11-15 11:26:46
"1,000",18.8,buy,2024-11-15 11:26:50
500,18.8,buy,2024-11-15 11:26:50
"1,100",18.8,buy,2024-11-15 11:26:52
"1,000",18.8,buy,2024-11-15 11:26:52
"3,900",18.8,buy,2024-11-15 11:26:52
200,18.8,buy,2024-11-15 11:26:52
"1,000",18.8,buy,2024-11-15 11:26:53
100,18.8,buy,2024-11-15 11:27:10
"8,000",18.8,buy,2024-11-15 11:27:11
200,18.8,buy,2024-11-15 11:27:21
100,18.8,buy,2024-11-15 11:27:32
"1,100",18.8,buy,2024-11-15 11:27:34
"3,000",18.8,buy,2024-11-15 11:27:34
900,18.8,buy,2024-11-15 11:27:34
200,18.8,buy,2024-11-15 11:27:41
700,18.75,sell,2024-11-15 11:27:46
100,18.75,sell,2024-11-15 11:27:46
100,18.75,sell,2024-11-15 11:27:46
"1,400",18.75,sell,2024-11-15 11:27:46
300,18.75,sell,2024-11-15 11:27:46
100,18.75,sell,2024-11-15 11:27:46
"2,500",18.75,sell,2024-11-15 11:27:46
"3,200",18.75,sell,2024-11-15 11:27:46
100,18.75,sell,2024-11-15 11:27:46
200,18.75,sell,2024-11-15 11:27:46
100,18.75,sell,2024-11-15 11:27:46
400,18.75,sell,2024-11-15 11:27:46
100,18.75,sell,2024-11-15 11:27:46
100,18.75,sell,2024-11-15 11:27:46
100,18.75,sell,2024-11-15 11:27:46
500,18.75,sell,2024-11-15 11:27:46
800,18.8,buy,2024-11-15 11:27:49
"1,000",18.8,buy,2024-11-15 11:27:49
"1,000",18.8,buy,2024-11-15 11:27:49
"1,000",18.8,buy,2024-11-15 11:27:49
200,18.8,buy,2024-11-15 11:27:49
600,18.8,buy,2024-11-15 11:27:49
100,18.8,buy,2024-11-15 11:27:52
100,18.8,buy,2024-11-15 11:28:01
900,18.8,buy,2024-11-15 11:28:01
100,18.8,buy,2024-11-15 11:28:02
100,18.8,buy,2024-11-15 11:28:02
300,18.75,sell,2024-11-15 11:28:03
200,18.8,buy,2024-11-15 11:28:04
500,18.8,buy,2024-11-15 11:28:07
"1,600",18.8,buy,2024-11-15 11:28:07
200,18.8,buy,2024-11-15 11:28:07
600,18.8,buy,2024-11-15 11:28:07
200,18.8,buy,2024-11-15 11:28:07
400,18.8,buy,2024-11-15 11:28:07
200,18.8,buy,2024-11-15 11:28:07
100,18.8,buy,2024-11-15 11:28:20
100,18.8,buy,2024-11-15 11:28:25
300,18.8,buy,2024-11-15 11:28:25
200,18.8,buy,2024-11-15 11:28:25
900,18.8,buy,2024-11-15 11:28:25
200,18.8,buy,2024-11-15 11:28:25
"2,700",18.8,buy,2024-11-15 11:28:25
100,18.8,buy,2024-11-15 11:28:25
500,18.8,buy,2024-11-15 11:28:25
100,18.8,buy,2024-11-15 11:28:32
"2,400",18.8,buy,2024-11-15 11:28:35
"1,000",18.8,buy,2024-11-15 11:28:35
"2,000",18.8,buy,2024-11-15 11:28:35
600,18.8,buy,2024-11-15 11:28:35
100,18.8,buy,2024-11-15 11:28:40
"2,500",18.75,sell,2024-11-15 11:28:44
100,18.75,sell,2024-11-15 11:28:44
"2,400",18.75,sell,2024-11-15 11:28:44
"1,100",18.8,buy,2024-11-15 11:28:46
400,18.8,buy,2024-11-15 11:28:46
600,18.8,buy,2024-11-15 11:29:00
400,18.8,buy,2024-11-15 11:29:00
100,18.8,buy,2024-11-15 11:29:10
"3,900",18.8,buy,2024-11-15 11:29:14
100,18.8,buy,2024-11-15 11:29:14
"1,200",18.8,buy,2024-11-15 11:29:20
"7,700",18.8,buy,2024-11-15 11:29:21
300,18.8,buy,2024-11-15 11:29:21
"3,000",18.75,sell,2024-11-15 11:29:23
700,18.8,buy,2024-11-15 11:29:23
"1,300",18.8,buy,2024-11-15 11:29:23
"1,000",18.8,buy,2024-11-15 11:29:29
100,18.8,buy,2024-11-15 11:29:37
200,18.8,buy,2024-11-15 11:29:48
100,18.8,buy,2024-11-15 11:29:50
"1,500",18.8,buy,2024-11-15 11:29:53
800,18.8,buy,2024-11-15 11:29:53
900,18.8,buy,2024-11-15 11:29:53
800,18.8,buy,2024-11-15 11:29:53
"1,000",18.8,buy,2024-11-15 11:29:53
"1,500",18.8,buy,2024-11-15 11:29:53
"1,000",18.8,buy,2024-11-15 11:29:53
400,18.8,buy,2024-11-15 11:29:57
"2,100",18.8,buy,2024-11-15 11:29:58
"1,000",18.8,buy,2024-11-15 11:29:58
100,18.8,buy,2024-11-15 11:29:58
"2,000",18.8,buy,2024-11-15 11:29:58
800,18.8,buy,2024-11-15 11:29:58
"29,200",18.8,buy,2024-11-15 11:30:00
"50,000",18.8,buy,2024-11-15 11:30:00
"8,100",18.8,buy,2024-11-15 11:30:00
"1,000",18.8,buy,2024-11-15 11:30:00
100,18.8,buy,2024-11-15 11:30:00
"6,500",18.8,buy,2024-11-15 11:30:00
400,18.8,buy,2024-11-15 11:30:00
600,18.8,buy,2024-11-15 11:30:00
"3,000",18.8,buy,2024-11-15 11:30:00
300,18.8,buy,2024-11-15 11:30:00
800,18.8,buy,2024-11-15 11:30:00
100,18.8,buy,2024-11-15 13:00:02
"2,000",18.8,buy,2024-11-15 13:00:02
100,18.8,buy,2024-11-15 13:00:02
100,18.8,buy,2024-11-15 13:00:02
500,18.8,buy,2024-11-15 13:00:02
100,18.8,buy,2024-11-15 13:00:02
"1,000",18.8,buy,2024-11-15 13:00:02
600,18.8,buy,2024-11-15 13:00:02
"1,500",18.8,buy,2024-11-15 13:00:02
"2,000",18.8,buy,2024-11-15 13:00:02
100,18.8,buy,2024-11-15 13:00:02
"2,000",18.8,buy,2024-11-15 13:00:03
200,18.8,buy,2024-11-15 13:00:03
"1,200",18.8,buy,2024-11-15 13:00:03
100,18.8,buy,2024-11-15 13:00:03
700,18.8,buy,2024-11-15 13:00:03
500,18.8,buy,2024-11-15 13:00:03
"8,000",18.8,buy,2024-11-15 13:00:03
100,18.8,buy,2024-11-15 13:00:03
"1,000",18.8,buy,2024-11-15 13:00:03
"3,000",18.8,buy,2024-11-15 13:00:04
"2,000",18.8,buy,2024-11-15 13:00:04
100,18.8,buy,2024-11-15 13:00:04
"10,000",18.75,sell,2024-11-15 13:00:05
"5,000",18.8,buy,2024-11-15 13:00:05
200,18.8,buy,2024-11-15 13:00:06
200,18.8,buy,2024-11-15 13:00:06
100,18.8,buy,2024-11-15 13:00:06
800,18.8,buy,2024-11-15 13:00:06
"1,000",18.8,buy,2024-11-15 13:00:06
900,18.8,buy,2024-11-15 13:00:06
800,18.8,buy,2024-11-15 13:00:06
100,18.8,buy,2024-11-15 13:00:06
100,18.8,buy,2024-11-15 13:00:06
100,18.8,buy,2024-11-15 13:00:06
"2,700",18.8,buy,2024-11-15 13:00:06
100,18.8,buy,2024-11-15 13:00:06
"1,000",18.8,buy,2024-11-15 13:00:06
100,18.8,buy,2024-11-15 13:00:06
200,18.8,buy,2024-11-15 13:00:06
900,18.8,buy,2024-11-15 13:00:06
"10,000",18.8,buy,2024-11-15 13:00:06
"59,700",18.8,buy,2024-11-15 13:00:06
"2,000",18.8,buy,2024-11-15 13:00:06
"1,000",18.8,buy,2024-11-15 13:00:06
200,18.8,buy,2024-11-15 13:00:06
"1,000",18.8,buy,2024-11-15 13:00:06
500,18.8,buy,2024-11-15 13:00:06
"10,000",18.8,buy,2024-11-15 13:00:06
"1,000",18.8,buy,2024-11-15 13:00:06
"1,000",18.8,buy,2024-11-15 13:00:06
700,18.8,buy,2024-11-15 13:00:06
400,18.8,buy,2024-11-15 13:00:06
200,18.8,buy,2024-11-15 13:00:06
200,18.8,buy,2024-11-15 13:00:06
"1,000",18.8,buy,2024-11-15 13:00:06
100,18.8,buy,2024-11-15 13:00:06
700,18.8,buy,2024-11-15 13:00:06
900,18.8,buy,2024-11-15 13:00:06
500,18.8,buy,2024-11-15 13:00:06
100,18.75,sell,2024-11-15 13:00:07
100,18.75,sell,2024-11-15 13:00:07
200,18.8,buy,2024-11-15 13:00:08
100,18.8,buy,2024-11-15 13:00:09
100,18.8,buy,2024-11-15 13:00:09
600,18.8,buy,2024-11-15 13:00:10
"2,500",18.75,sell,2024-11-15 13:00:11
"8,000",18.8,buy,2024-11-15 13:00:11
"6,900",18.75,sell,2024-11-15 13:00:11
200,18.8,buy,2024-11-15 13:00:11
200,18.75,sell,2024-11-15 13:00:12
400,18.8,buy,2024-11-15 13:00:12
200,18.8,buy,2024-11-15 13:00:13
300,18.75,sell,2024-11-15 13:00:14
"3,000",18.75,sell,2024-11-15 13:00:14
100,18.8,buy,2024-11-15 13:00:14
"1,300",18.8,buy,2024-11-15 13:00:15
200,18.8,buy,2024-11-15 13:00:18
500,18.75,sell,2024-11-15 13:00:20
"7,500",18.8,buy,2024-11-15 13:00:21
400,18.8,buy,2024-11-15 13:00:25
100,18.8,buy,2024-11-15 13:00:27
100,18.8,buy,2024-11-15 13:00:29
600,18.75,sell,2024-11-15 13:00:32
500,18.8,buy,2024-11-15 13:00:33
100,18.8,buy,2024-11-15 13:00:37
100,18.8,buy,2024-11-15 13:00:43
100,18.8,buy,2024-11-15 13:01:37
100,18.8,buy,2024-11-15 13:01:42
100,18.8,buy,2024-11-15 13:01:42
100,18.8,buy,2024-11-15 13:01:59
"2,000",18.8,buy,2024-11-15 13:02:05
900,18.8,buy,2024-11-15 13:02:13
"1,000",18.8,buy,2024-11-15 13:02:13
500,18.8,buy,2024-11-15 13:02:13
"10,500",18.8,buy,2024-11-15 13:02:13
800,18.8,buy,2024-11-15 13:02:13
"1,000",18.8,buy,2024-11-15 13:02:13
"1,000",18.8,buy,2024-11-15 13:02:13
"1,000",18.8,buy,2024-11-15 13:02:13
700,18.8,buy,2024-11-15 13:02:13
"3,100",18.8,buy,2024-11-15 13:02:13
900,18.8,buy,2024-11-15 13:02:13
100,18.8,buy,2024-11-15 13:02:13
100,18.8,buy,2024-11-15 13:02:13
500,18.8,buy,2024-11-15 13:02:13
400,18.8,buy,2024-11-15 13:02:13
"6,500",18.8,buy,2024-11-15 13:02:21
200,18.8,buy,2024-11-15 13:02:21
"10,000",18.8,buy,2024-11-15 13:02:21
"5,800",18.8,buy,2024-11-15 13:02:21
"3,300",18.75,sell,2024-11-15 13:02:27
"12,100",18.75,sell,2024-11-15 13:02:29
"3,700",18.75,sell,2024-11-15 13:02:29
"1,000",18.75,sell,2024-11-15 13:02:32
"1,800",18.75,sell,2024-11-15 13:02:43
100,18.75,sell,2024-11-15 13:02:47
"15,800",18.75,sell,2024-11-15 13:02:50
100,18.8,buy,2024-11-15 13:02:51
"1,000",18.75,sell,2024-11-15 13:02:51
"1,000",18.75,sell,2024-11-15 13:03:02
900,18.75,sell,2024-11-15 13:03:10
"1,000",18.75,sell,2024-11-15 13:03:11
100,18.8,buy,2024-11-15 13:03:14
"3,200",18.75,sell,2024-11-15 13:03:19
"1,000",18.75,sell,2024-11-15 13:03:30
"4,000",18.75,sell,2024-11-15 13:03:40
"18,600",18.75,sell,2024-11-15 13:03:44
"1,000",18.75,sell,2024-11-15 13:03:50
"1,300",18.75,sell,2024-11-15 13:03:57
900,18.75,sell,2024-11-15 13:04:09
"1,000",18.75,sell,2024-11-15 13:04:29
"25,000",18.75,sell,2024-11-15 13:04:35
"15,000",18.75,sell,2024-11-15 13:04:46
"15,800",18.75,sell,2024-11-15 13:04:46
"3,400",18.75,sell,2024-11-15 13:04:47
"1,000",18.75,sell,2024-11-15 13:04:48
100,18.8,buy,2024-11-15 13:04:51
"3,900",18.8,buy,2024-11-15 13:04:58
"1,100",18.8,buy,2024-11-15 13:04:58
400,18.75,sell,2024-11-15 13:05:02
"1,000",18.75,sell,2024-11-15 13:05:08
100,18.75,sell,2024-11-15 13:05:09
100,18.75,sell,2024-11-15 13:05:20
200,18.8,buy,2024-11-15 13:05:21
"5,700",18.8,buy,2024-11-15 13:05:27
"13,600",18.8,buy,2024-11-15 13:05:27
"3,200",18.8,buy,2024-11-15 13:05:27
900,18.75,sell,2024-11-15 13:05:30
"2,000",18.8,buy,2024-11-15 13:05:46
"22,500",18.8,buy,2024-11-15 13:05:59
200,18.8,buy,2024-11-15 13:06:07
100,18.8,buy,2024-11-15 13:06:10
100,18.8,buy,2024-11-15 13:06:13
500,18.8,buy,2024-11-15 13:06:18
100,18.8,buy,2024-11-15 13:06:28
100,18.8,buy,2024-11-15 13:06:32
200,18.8,buy,2024-11-15 13:06:32
200,18.8,buy,2024-11-15 13:06:35
"1,000",18.8,buy,2024-11-15 13:06:55
"1,000",18.8,buy,2024-11-15 13:07:01
"1,500",18.75,sell,2024-11-15 13:07:03
"1,000",18.75,sell,2024-11-15 13:07:05
500,18.8,buy,2024-11-15 13:07:08
500,18.75,sell,2024-11-15 13:07:14
"10,000",18.8,buy,2024-11-15 13:07:17
100,18.8,buy,2024-11-15 13:07:27
"1,000",18.8,buy,2024-11-15 13:07:30
"2,900",18.8,buy,2024-11-15 13:07:34
500,18.8,buy,2024-11-15 13:07:34
"1,000",18.8,buy,2024-11-15 13:07:34
"3,100",18.8,buy,2024-11-15 13:07:34
"7,500",18.8,buy,2024-11-15 13:07:34
"2,000",18.75,sell,2024-11-15 13:07:41
"1,000",18.75,sell,2024-11-15 13:07:45
500,18.8,buy,2024-11-15 13:07:49
100,18.8,buy,2024-11-15 13:08:01
"2,500",18.8,buy,2024-11-15 13:08:01
100,18.8,buy,2024-11-15 13:08:05
"6,800",18.8,buy,2024-11-15 13:08:06
"9,200",18.8,buy,2024-11-15 13:08:06
500,18.8,buy,2024-11-15 13:08:07
"10,000",18.8,buy,2024-11-15 13:08:07
500,18.8,buy,2024-11-15 13:08:18
500,18.75,sell,2024-11-15 13:08:35
100,18.8,buy,2024-11-15 13:08:40
"2,600",18.8,buy,2024-11-15 13:08:41
"2,400",18.8,buy,2024-11-15 13:08:41
"4,000",18.75,sell,2024-11-15 13:08:48
"1,500",18.8,buy,2024-11-15 13:08:59
200,18.8,buy,2024-11-15 13:09:00
100,18.8,buy,2024-11-15 13:09:01
"1,600",18.8,buy,2024-11-15 13:09:05
500,18.75,sell,2024-11-15 13:09:05
"1,000",18.75,sell,2024-11-15 13:09:22
"3,600",18.75,sell,2024-11-15 13:09:26
"8,200",18.8,buy,2024-11-15 13:09:39
"2,700",18.8,buy,2024-11-15 13:09:39
"46,100",18.8,buy,2024-11-15 13:09:39
"1,000",18.8,buy,2024-11-15 13:09:39
100,18.8,buy,2024-11-15 13:09:42
"1,000",18.8,buy,2024-11-15 13:09:57
"8,900",18.8,buy,2024-11-15 13:10:05
"1,000",18.8,buy,2024-11-15 13:10:05
"10,000",18.8,buy,2024-11-15 13:10:05
"1,000",18.8,buy,2024-11-15 13:10:05
"10,400",18.8,buy,2024-11-15 13:10:05
900,18.8,buy,2024-11-15 13:10:05
"1,000",18.8,buy,2024-11-15 13:10:05
"1,000",18.8,buy,2024-11-15 13:10:05
100,18.8,buy,2024-11-15 13:10:05
"1,000",18.8,buy,2024-11-15 13:10:05
"2,000",18.8,buy,2024-11-15 13:10:05
700,18.8,buy,2024-11-15 13:10:05
"50,000",18.8,buy,2024-11-15 13:10:05
"1,000",18.8,buy,2024-11-15 13:10:07
"4,000",18.8,buy,2024-11-15 13:10:07
"2,000",18.8,buy,2024-11-15 13:10:10
"2,000",18.8,buy,2024-11-15 13:10:12
200,18.8,buy,2024-11-15 13:10:12
200,18.8,buy,2024-11-15 13:10:12
300,18.8,buy,2024-11-15 13:10:15
"5,000",18.8,buy,2024-11-15 13:10:16
100,18.8,buy,2024-11-15 13:10:16
"1,000",18.8,buy,2024-11-15 13:10:18
100,18.8,buy,2024-11-15 13:10:25
200,18.8,buy,2024-11-15 13:10:27
"5,000",18.8,buy,2024-11-15 13:10:28
"1,500",18.8,buy,2024-11-15 13:10:30
"5,000",18.8,buy,2024-11-15 13:10:32
"12,000",18.8,buy,2024-11-15 13:10:36
900,18.8,buy,2024-11-15 13:10:36
"8,000",18.8,buy,2024-11-15 13:10:36
"10,000",18.8,buy,2024-11-15 13:10:36
"10,000",18.8,buy,2024-11-15 13:10:36
"2,100",18.8,buy,2024-11-15 13:10:36
"5,000",18.8,buy,2024-11-15 13:10:38
500,18.8,buy,2024-11-15 13:10:40
300,18.8,buy,2024-11-15 13:10:45
100,18.8,buy,2024-11-15 13:10:50
"1,000",18.8,buy,2024-11-15 13:10:53
100,18.8,buy,2024-11-15 13:10:59
900,18.8,buy,2024-11-15 13:10:59
"5,100",18.8,buy,2024-11-15 13:10:59
300,18.8,buy,2024-11-15 13:11:01
"1,000",18.8,buy,2024-11-15 13:11:02
100,18.8,buy,2024-11-15 13:11:04
500,18.8,buy,2024-11-15 13:11:06
"14,400",18.75,sell,2024-11-15 13:11:09
"10,600",18.75,sell,2024-11-15 13:11:09
100,18.8,buy,2024-11-15 13:11:10
500,18.8,buy,2024-11-15 13:11:13
100,18.75,sell,2024-11-15 13:11:17
"2,000",18.8,buy,2024-11-15 13:11:18
100,18.8,buy,2024-11-15 13:11:19
"55,000",18.8,buy,2024-11-15 13:11:23
100,18.8,buy,2024-11-15 13:11:25
"1,000",18.8,buy,2024-11-15 13:11:25
"2,500",18.8,buy,2024-11-15 13:11:27
500,18.8,buy,2024-11-15 13:11:29
800,18.8,buy,2024-11-15 13:11:29
100,18.8,buy,2024-11-15 13:11:32
100,18.8,buy,2024-11-15 13:11:34
200,18.8,buy,2024-11-15 13:11:39
"1,000",18.75,sell,2024-11-15 13:11:39
"20,000",18.8,buy,2024-11-15 13:11:43
500,18.8,buy,2024-11-15 13:11:43
900,18.8,buy,2024-11-15 13:11:44
300,18.8,buy,2024-11-15 13:11:45
"10,000",18.8,buy,2024-11-15 13:11:48
"19,000",18.8,buy,2024-11-15 13:11:51
"10,000",18.8,buy,2024-11-15 13:11:52
100,18.8,buy,2024-11-15 13:11:52
"2,000",18.8,buy,2024-11-15 13:11:52
"5,000",18.8,buy,2024-11-15 13:11:54
"20,000",18.8,buy,2024-11-15 13:11:54
100,18.8,buy,2024-11-15 13:11:58
"8,000",18.8,buy,2024-11-15 13:12:01
200,18.8,buy,2024-11-15 13:12:02
100,18.8,buy,2024-11-15 13:12:03
"2,800",18.8,buy,2024-11-15 13:12:05
700,18.8,buy,2024-11-15 13:12:05
"4,800",18.8,buy,2024-11-15 13:12:05
